%YAML 1.1
%TAG !u! tag:unity3d.com,2011:
--- !u!1 &934053687900906936
GameObject:
  m_ObjectHideFlags: 0
  m_CorrespondingSourceObject: {fileID: 0}
  m_PrefabInstance: {fileID: 0}
  m_PrefabAsset: {fileID: 0}
  serializedVersion: 6
  m_Component:
  - component: {fileID: 1803310069692571520}
  - component: {fileID: 308476201458818989}
  - component: {fileID: 2670752700671878483}
  - component: {fileID: 7881702628388910334}
  m_Layer: 0
  m_Name: Canvas
  m_TagString: Untagged
  m_Icon: {fileID: 0}
  m_NavMeshLayer: 0
  m_StaticEditorFlags: 0
  m_IsActive: 1
--- !u!224 &1803310069692571520
RectTransform:
  m_ObjectHideFlags: 0
  m_CorrespondingSourceObject: {fileID: 0}
  m_PrefabInstance: {fileID: 0}
  m_PrefabAsset: {fileID: 0}
  m_GameObject: {fileID: 934053687900906936}
  m_LocalRotation: {x: 0, y: 0, z: 0, w: 1}
  m_LocalPosition: {x: 0, y: 0, z: 0}
  m_LocalScale: {x: 0, y: 0, z: 0}
  m_Children:
  - {fileID: 4871407716120094233}
  - {fileID: 5785357476126482872}
  m_Father: {fileID: 4493534434143280818}
  m_RootOrder: 7
  m_LocalEulerAnglesHint: {x: 0, y: 0, z: 0}
  m_AnchorMin: {x: 0, y: 0}
  m_AnchorMax: {x: 0, y: 0}
  m_AnchoredPosition: {x: 0, y: 0}
  m_SizeDelta: {x: 0, y: 0}
  m_Pivot: {x: 0, y: 0}
--- !u!223 &308476201458818989
Canvas:
  m_ObjectHideFlags: 0
  m_CorrespondingSourceObject: {fileID: 0}
  m_PrefabInstance: {fileID: 0}
  m_PrefabAsset: {fileID: 0}
  m_GameObject: {fileID: 934053687900906936}
  m_Enabled: 1
  serializedVersion: 3
  m_RenderMode: 0
  m_Camera: {fileID: 0}
  m_PlaneDistance: 100
  m_PixelPerfect: 0
  m_ReceivesEvents: 1
  m_OverrideSorting: 0
  m_OverridePixelPerfect: 0
  m_SortingBucketNormalizedSize: 0
  m_AdditionalShaderChannelsFlag: 0
  m_SortingLayerID: 0
  m_SortingOrder: 0
  m_TargetDisplay: 0
--- !u!114 &2670752700671878483
MonoBehaviour:
  m_ObjectHideFlags: 0
  m_CorrespondingSourceObject: {fileID: 0}
  m_PrefabInstance: {fileID: 0}
  m_PrefabAsset: {fileID: 0}
  m_GameObject: {fileID: 934053687900906936}
  m_Enabled: 1
  m_EditorHideFlags: 0
  m_Script: {fileID: 11500000, guid: 0cd44c1031e13a943bb63640046fad76, type: 3}
  m_Name: 
  m_EditorClassIdentifier: 
  m_UiScaleMode: 0
  m_ReferencePixelsPerUnit: 100
  m_ScaleFactor: 1
  m_ReferenceResolution: {x: 800, y: 600}
  m_ScreenMatchMode: 0
  m_MatchWidthOrHeight: 0
  m_PhysicalUnit: 3
  m_FallbackScreenDPI: 96
  m_DefaultSpriteDPI: 96
  m_DynamicPixelsPerUnit: 1
  m_PresetInfoIsWorld: 0
--- !u!114 &7881702628388910334
MonoBehaviour:
  m_ObjectHideFlags: 0
  m_CorrespondingSourceObject: {fileID: 0}
  m_PrefabInstance: {fileID: 0}
  m_PrefabAsset: {fileID: 0}
  m_GameObject: {fileID: 934053687900906936}
  m_Enabled: 1
  m_EditorHideFlags: 0
  m_Script: {fileID: 11500000, guid: dc42784cf147c0c48a680349fa168899, type: 3}
  m_Name: 
  m_EditorClassIdentifier: 
  m_IgnoreReversedGraphics: 1
  m_BlockingObjects: 0
  m_BlockingMask:
    serializedVersion: 2
    m_Bits: 4294967295
--- !u!1 &4493534434143699584
GameObject:
  m_ObjectHideFlags: 0
  m_CorrespondingSourceObject: {fileID: 0}
  m_PrefabInstance: {fileID: 0}
  m_PrefabAsset: {fileID: 0}
  serializedVersion: 6
  m_Component:
  - component: {fileID: 4493534434143280800}
  m_Layer: 0
  m_Name: Shoulder_Left
  m_TagString: Untagged
  m_Icon: {fileID: 0}
  m_NavMeshLayer: 0
  m_StaticEditorFlags: 0
  m_IsActive: 1
--- !u!4 &4493534434143280800
Transform:
  m_ObjectHideFlags: 0
  m_CorrespondingSourceObject: {fileID: 0}
  m_PrefabInstance: {fileID: 0}
  m_PrefabAsset: {fileID: 0}
  m_GameObject: {fileID: 4493534434143699584}
  m_LocalRotation: {x: -0.2988425, y: 0.7341269, z: 0.41826975, w: 0.4436229}
  m_LocalPosition: {x: -12.348807, y: -6.29741, z: 18.706108}
  m_LocalScale: {x: 1, y: 1, z: 1}
  m_Children:
  - {fileID: 4493534434143280812}
  - {fileID: 4493534434143280776}
  m_Father: {fileID: 4493534434143280868}
  m_RootOrder: 2
  m_LocalEulerAnglesHint: {x: 0, y: 0, z: 0}
--- !u!1 &4493534434143699586
GameObject:
  m_ObjectHideFlags: 0
  m_CorrespondingSourceObject: {fileID: 0}
  m_PrefabInstance: {fileID: 0}
  m_PrefabAsset: {fileID: 0}
  serializedVersion: 6
  m_Component:
  - component: {fileID: 4493534434143280802}
  m_Layer: 0
  m_Name: Shoulder_Right
  m_TagString: Untagged
  m_Icon: {fileID: 0}
  m_NavMeshLayer: 0
  m_StaticEditorFlags: 0
  m_IsActive: 1
--- !u!4 &4493534434143280802
Transform:
  m_ObjectHideFlags: 0
  m_CorrespondingSourceObject: {fileID: 0}
  m_PrefabInstance: {fileID: 0}
  m_PrefabAsset: {fileID: 0}
  m_GameObject: {fileID: 4493534434143699586}
  m_LocalRotation: {x: -0.29884863, y: 0.73412436, z: -0.41826612, w: -0.4436265}
  m_LocalPosition: {x: -12.348376, y: -6.29761, z: -18.7061}
  m_LocalScale: {x: 1, y: 1, z: 1}
  m_Children:
  - {fileID: 4493534434143280814}
  - {fileID: 4493534434143280778}
  m_Father: {fileID: 4493534434143280868}
  m_RootOrder: 3
  m_LocalEulerAnglesHint: {x: 0, y: 0, z: 0}
--- !u!1 &4493534434143699588
GameObject:
  m_ObjectHideFlags: 0
  m_CorrespondingSourceObject: {fileID: 0}
  m_PrefabInstance: {fileID: 0}
  m_PrefabAsset: {fileID: 0}
  serializedVersion: 6
  m_Component:
  - component: {fileID: 4493534434143280804}
  m_Layer: 0
  m_Name: ShoulderPadBlade_Left
  m_TagString: Untagged
  m_Icon: {fileID: 0}
  m_NavMeshLayer: 0
  m_StaticEditorFlags: 0
  m_IsActive: 1
--- !u!4 &4493534434143280804
Transform:
  m_ObjectHideFlags: 0
  m_CorrespondingSourceObject: {fileID: 0}
  m_PrefabInstance: {fileID: 0}
  m_PrefabAsset: {fileID: 0}
  m_GameObject: {fileID: 4493534434143699588}
  m_LocalRotation: {x: 0.0066350633, y: -0.011333145, z: 0.5051939, w: 0.862906}
  m_LocalPosition: {x: -13.296959, y: -22.176832, z: -0.5073402}
  m_LocalScale: {x: 1, y: 1, z: 1}
  m_Children: []
  m_Father: {fileID: 4493534434143280812}
  m_RootOrder: 0
  m_LocalEulerAnglesHint: {x: 0, y: 0, z: 0}
--- !u!1 &4493534434143699590
GameObject:
  m_ObjectHideFlags: 0
  m_CorrespondingSourceObject: {fileID: 0}
  m_PrefabInstance: {fileID: 0}
  m_PrefabAsset: {fileID: 0}
  serializedVersion: 6
  m_Component:
  - component: {fileID: 4493534434143280806}
  m_Layer: 0
  m_Name: ShoulderPadBlade_Right
  m_TagString: Untagged
  m_Icon: {fileID: 0}
  m_NavMeshLayer: 0
  m_StaticEditorFlags: 0
  m_IsActive: 1
--- !u!4 &4493534434143280806
Transform:
  m_ObjectHideFlags: 0
  m_CorrespondingSourceObject: {fileID: 0}
  m_PrefabInstance: {fileID: 0}
  m_PrefabAsset: {fileID: 0}
  m_GameObject: {fileID: 4493534434143699590}
  m_LocalRotation: {x: -0.0066352007, y: 0.011333432, z: 0.50519216, w: 0.86290693}
  m_LocalPosition: {x: -13.296815, y: -22.177006, z: 0.5073527}
  m_LocalScale: {x: 1, y: 1, z: 1}
  m_Children: []
  m_Father: {fileID: 4493534434143280814}
  m_RootOrder: 0
  m_LocalEulerAnglesHint: {x: 0, y: 0, z: 0}
--- !u!1 &4493534434143699592
GameObject:
  m_ObjectHideFlags: 0
  m_CorrespondingSourceObject: {fileID: 0}
  m_PrefabInstance: {fileID: 0}
  m_PrefabAsset: {fileID: 0}
  serializedVersion: 6
  m_Component:
  - component: {fileID: 4493534434143280808}
  m_Layer: 0
  m_Name: ShoulderPadBody_Left
  m_TagString: Untagged
  m_Icon: {fileID: 0}
  m_NavMeshLayer: 0
  m_StaticEditorFlags: 0
  m_IsActive: 1
--- !u!4 &4493534434143280808
Transform:
  m_ObjectHideFlags: 0
  m_CorrespondingSourceObject: {fileID: 0}
  m_PrefabInstance: {fileID: 0}
  m_PrefabAsset: {fileID: 0}
  m_GameObject: {fileID: 4493534434143699592}
  m_LocalRotation: {x: 0.0066350633, y: -0.011333145, z: 0.5051939, w: 0.862906}
  m_LocalPosition: {x: -16.023825, y: -1.4210855e-14, z: 2.6645353e-15}
  m_LocalScale: {x: 1, y: 1, z: 1}
  m_Children: []
  m_Father: {fileID: 4493534434143280812}
  m_RootOrder: 1
  m_LocalEulerAnglesHint: {x: 0, y: 0, z: 0}
--- !u!1 &4493534434143699594
GameObject:
  m_ObjectHideFlags: 0
  m_CorrespondingSourceObject: {fileID: 0}
  m_PrefabInstance: {fileID: 0}
  m_PrefabAsset: {fileID: 0}
  serializedVersion: 6
  m_Component:
  - component: {fileID: 4493534434143280810}
  m_Layer: 0
  m_Name: ShoulderPadBody_Right
  m_TagString: Untagged
  m_Icon: {fileID: 0}
  m_NavMeshLayer: 0
  m_StaticEditorFlags: 0
  m_IsActive: 1
--- !u!4 &4493534434143280810
Transform:
  m_ObjectHideFlags: 0
  m_CorrespondingSourceObject: {fileID: 0}
  m_PrefabInstance: {fileID: 0}
  m_PrefabAsset: {fileID: 0}
  m_GameObject: {fileID: 4493534434143699594}
  m_LocalRotation: {x: -0.0066352007, y: 0.011333432, z: 0.50519216, w: 0.86290693}
  m_LocalPosition: {x: -16.02375, y: -6.3948846e-14, z: 1.2878587e-14}
  m_LocalScale: {x: 1, y: 1, z: 1}
  m_Children: []
  m_Father: {fileID: 4493534434143280814}
  m_RootOrder: 1
  m_LocalEulerAnglesHint: {x: 0, y: 0, z: 0}
--- !u!1 &4493534434143699596
GameObject:
  m_ObjectHideFlags: 0
  m_CorrespondingSourceObject: {fileID: 0}
  m_PrefabInstance: {fileID: 0}
  m_PrefabAsset: {fileID: 0}
  serializedVersion: 6
  m_Component:
  - component: {fileID: 4493534434143280812}
  m_Layer: 0
  m_Name: ShoulderPadCTRL_Left
  m_TagString: Untagged
  m_Icon: {fileID: 0}
  m_NavMeshLayer: 0
  m_StaticEditorFlags: 0
  m_IsActive: 1
--- !u!4 &4493534434143280812
Transform:
  m_ObjectHideFlags: 0
  m_CorrespondingSourceObject: {fileID: 0}
  m_PrefabInstance: {fileID: 0}
  m_PrefabAsset: {fileID: 0}
  m_GameObject: {fileID: 4493534434143699596}
  m_LocalRotation: {x: 0.039328095, y: -0.109450735, z: -0.65068716, w: 0.75038666}
  m_LocalPosition: {x: -9.938806, y: 14.657373, z: -1.0394562}
  m_LocalScale: {x: 1, y: 1, z: 1}
  m_Children:
  - {fileID: 4493534434143280804}
  - {fileID: 4493534434143280808}
  m_Father: {fileID: 4493534434143280800}
  m_RootOrder: 0
  m_LocalEulerAnglesHint: {x: 0, y: 0, z: 0}
--- !u!1 &4493534434143699598
GameObject:
  m_ObjectHideFlags: 0
  m_CorrespondingSourceObject: {fileID: 0}
  m_PrefabInstance: {fileID: 0}
  m_PrefabAsset: {fileID: 0}
  serializedVersion: 6
  m_Component:
  - component: {fileID: 4493534434143280814}
  m_Layer: 0
  m_Name: ShoulderPadCTRL_Right
  m_TagString: Untagged
  m_Icon: {fileID: 0}
  m_NavMeshLayer: 0
  m_StaticEditorFlags: 0
  m_IsActive: 1
--- !u!4 &4493534434143280814
Transform:
  m_ObjectHideFlags: 0
  m_CorrespondingSourceObject: {fileID: 0}
  m_PrefabInstance: {fileID: 0}
  m_PrefabAsset: {fileID: 0}
  m_GameObject: {fileID: 4493534434143699598}
  m_LocalRotation: {x: -0.039328646, y: 0.10945006, z: -0.6506794, w: 0.7503934}
  m_LocalPosition: {x: -9.938715, y: 14.657999, z: 1.039447}
  m_LocalScale: {x: 1, y: 1, z: 1}
  m_Children:
  - {fileID: 4493534434143280806}
  - {fileID: 4493534434143280810}
  m_Father: {fileID: 4493534434143280802}
  m_RootOrder: 0
  m_LocalEulerAnglesHint: {x: 0, y: 0, z: 0}
--- !u!1 &4493534434143699600
GameObject:
  m_ObjectHideFlags: 0
  m_CorrespondingSourceObject: {fileID: 0}
  m_PrefabInstance: {fileID: 0}
  m_PrefabAsset: {fileID: 0}
  serializedVersion: 6
  m_Component:
  - component: {fileID: 4493534434143280816}
  m_Layer: 0
  m_Name: Neck
  m_TagString: Untagged
  m_Icon: {fileID: 0}
  m_NavMeshLayer: 0
  m_StaticEditorFlags: 0
  m_IsActive: 1
--- !u!4 &4493534434143280816
Transform:
  m_ObjectHideFlags: 0
  m_CorrespondingSourceObject: {fileID: 0}
  m_PrefabInstance: {fileID: 0}
  m_PrefabAsset: {fileID: 0}
  m_GameObject: {fileID: 4493534434143699600}
  m_LocalRotation: {x: 0.9631089, y: -0.26911193, z: 1.6478353e-17, w: -5.897341e-17}
  m_LocalPosition: {x: -17.7523, y: -2.842171e-14, z: 0.000000026610966}
  m_LocalScale: {x: 1, y: 1, z: 1}
  m_Children:
  - {fileID: 4493534434143280878}
  m_Father: {fileID: 4493534434143280868}
  m_RootOrder: 1
  m_LocalEulerAnglesHint: {x: 0, y: 0, z: 0}
--- !u!1 &4493534434143699602
GameObject:
  m_ObjectHideFlags: 0
  m_CorrespondingSourceObject: {fileID: 0}
  m_PrefabInstance: {fileID: 0}
  m_PrefabAsset: {fileID: 0}
  serializedVersion: 6
  m_Component:
  - component: {fileID: 4493534434143280818}
  - component: {fileID: 4493534435615039799}
  - component: {fileID: 6062282967642193751}
  - component: {fileID: -3819731880740205260}
  m_Layer: 0
  m_Name: Hero
  m_TagString: Untagged
  m_Icon: {fileID: 0}
  m_NavMeshLayer: 0
  m_StaticEditorFlags: 0
  m_IsActive: 1
--- !u!4 &4493534434143280818
Transform:
  m_ObjectHideFlags: 0
  m_CorrespondingSourceObject: {fileID: 0}
  m_PrefabInstance: {fileID: 0}
  m_PrefabAsset: {fileID: 0}
  m_GameObject: {fileID: 4493534434143699602}
  m_LocalRotation: {x: -0.002262953, y: 0.73765606, z: 0.0024723923, w: 0.6751684}
  m_LocalPosition: {x: 7, y: 0.01, z: 20}
  m_LocalScale: {x: 1, y: 1, z: 1}
  m_Children:
  - {fileID: 4493534434143280880}
  - {fileID: 4493534434143280892}
  - {fileID: 4493534434143280864}
  - {fileID: 4493534434143280866}
  - {fileID: 4493534434143280848}
  - {fileID: 4493534434143280854}
  - {fileID: 4493534434143280836}
  - {fileID: 1803310069692571520}
  m_Father: {fileID: 0}
  m_RootOrder: 0
  m_LocalEulerAnglesHint: {x: 0, y: 180, z: 0}
--- !u!95 &4493534435615039799
Animator:
  serializedVersion: 3
  m_ObjectHideFlags: 0
  m_CorrespondingSourceObject: {fileID: 0}
  m_PrefabInstance: {fileID: 0}
  m_PrefabAsset: {fileID: 0}
  m_GameObject: {fileID: 4493534434143699602}
  m_Enabled: 1
  m_Avatar: {fileID: 9000000, guid: 860793eb3324391468f1c120a75ec049, type: 3}
  m_Controller: {fileID: 9100000, guid: 19076bd253cf2614d9ffc3879f1952e3, type: 2}
  m_CullingMode: 1
  m_UpdateMode: 0
  m_ApplyRootMotion: 0
  m_LinearVelocityBlending: 0
  m_WarningMessage: 
  m_HasTransformHierarchy: 1
  m_AllowConstantClipSamplingOptimization: 1
  m_KeepAnimatorControllerStateOnDisable: 0
--- !u!143 &6062282967642193751
CharacterController:
  m_ObjectHideFlags: 0
  m_CorrespondingSourceObject: {fileID: 0}
  m_PrefabInstance: {fileID: 0}
  m_PrefabAsset: {fileID: 0}
  m_GameObject: {fileID: 4493534434143699602}
  m_Material: {fileID: 0}
  m_IsTrigger: 0
  m_Enabled: 1
  serializedVersion: 2
  m_Height: 1.5
  m_Radius: 0.5
  m_SlopeLimit: 45
  m_StepOffset: 0.3
  m_SkinWidth: 0.8
  m_MinMoveDistance: 0.001
  m_Center: {x: 0, y: 1.5, z: 0}
--- !u!195 &-3819731880740205260
NavMeshAgent:
  m_ObjectHideFlags: 0
  m_CorrespondingSourceObject: {fileID: 0}
  m_PrefabInstance: {fileID: 0}
  m_PrefabAsset: {fileID: 0}
  m_GameObject: {fileID: 4493534434143699602}
  m_Enabled: 1
  m_AgentTypeID: 0
  m_Radius: 0.5
  m_Speed: 4
  m_Acceleration: 8
  avoidancePriority: 50
  m_AngularSpeed: 120
  m_StoppingDistance: 0
  m_AutoTraverseOffMeshLink: 1
  m_AutoBraking: 1
  m_AutoRepath: 1
  m_Height: 2
  m_BaseOffset: 0
  m_WalkableMask: 4294967295
  m_ObstacleAvoidanceType: 4
--- !u!1 &4493534434143699604
GameObject:
  m_ObjectHideFlags: 0
  m_CorrespondingSourceObject: {fileID: 0}
  m_PrefabInstance: {fileID: 0}
  m_PrefabAsset: {fileID: 0}
  serializedVersion: 6
  m_Component:
  - component: {fileID: 4493534434143280820}
  m_Layer: 0
  m_Name: RestOfFingers_Distal_Left
  m_TagString: Untagged
  m_Icon: {fileID: 0}
  m_NavMeshLayer: 0
  m_StaticEditorFlags: 0
  m_IsActive: 1
--- !u!4 &4493534434143280820
Transform:
  m_ObjectHideFlags: 0
  m_CorrespondingSourceObject: {fileID: 0}
  m_PrefabInstance: {fileID: 0}
  m_PrefabAsset: {fileID: 0}
  m_GameObject: {fileID: 4493534434143699604}
  m_LocalRotation: {x: -0.004532425, y: -0.003425033, z: 0.11285209, w: 0.9935956}
  m_LocalPosition: {x: -8.173605, y: -8.526513e-14, z: -3.5527137e-15}
  m_LocalScale: {x: 1, y: 1, z: 1}
  m_Children: []
  m_Father: {fileID: 4493534434143280824}
  m_RootOrder: 0
  m_LocalEulerAnglesHint: {x: 0, y: 0, z: 0}
--- !u!1 &4493534434143699606
GameObject:
  m_ObjectHideFlags: 0
  m_CorrespondingSourceObject: {fileID: 0}
  m_PrefabInstance: {fileID: 0}
  m_PrefabAsset: {fileID: 0}
  serializedVersion: 6
  m_Component:
  - component: {fileID: 4493534434143280822}
  m_Layer: 0
  m_Name: RestOfFingers_Distal_Right
  m_TagString: Untagged
  m_Icon: {fileID: 0}
  m_NavMeshLayer: 0
  m_StaticEditorFlags: 0
  m_IsActive: 1
--- !u!4 &4493534434143280822
Transform:
  m_ObjectHideFlags: 0
  m_CorrespondingSourceObject: {fileID: 0}
  m_PrefabInstance: {fileID: 0}
  m_PrefabAsset: {fileID: 0}
  m_GameObject: {fileID: 4493534434143699606}
  m_LocalRotation: {x: 0.0041774614, y: 0.0038508072, z: 0.015434083, w: 0.99986476}
  m_LocalPosition: {x: -8.174185, y: 2.842171e-14, z: 2.6645353e-15}
  m_LocalScale: {x: 1, y: 1, z: 1}
  m_Children: []
  m_Father: {fileID: 4493534434143280826}
  m_RootOrder: 0
  m_LocalEulerAnglesHint: {x: 0, y: 0, z: 0}
--- !u!1 &4493534434143699608
GameObject:
  m_ObjectHideFlags: 0
  m_CorrespondingSourceObject: {fileID: 0}
  m_PrefabInstance: {fileID: 0}
  m_PrefabAsset: {fileID: 0}
  serializedVersion: 6
  m_Component:
  - component: {fileID: 4493534434143280824}
  m_Layer: 0
  m_Name: RestOfFingers_Intermediate_Left
  m_TagString: Untagged
  m_Icon: {fileID: 0}
  m_NavMeshLayer: 0
  m_StaticEditorFlags: 0
  m_IsActive: 1
--- !u!4 &4493534434143280824
Transform:
  m_ObjectHideFlags: 0
  m_CorrespondingSourceObject: {fileID: 0}
  m_PrefabInstance: {fileID: 0}
  m_PrefabAsset: {fileID: 0}
  m_GameObject: {fileID: 4493534434143699608}
  m_LocalRotation: {x: 0.0061717043, y: 0.012478555, z: 0.3440602, w: 0.9388444}
  m_LocalPosition: {x: -8.02586, y: -1.1368684e-13, z: -5.3290705e-15}
  m_LocalScale: {x: 1, y: 1, z: 1}
  m_Children:
  - {fileID: 4493534434143280820}
  m_Father: {fileID: 4493534434143280828}
  m_RootOrder: 0
  m_LocalEulerAnglesHint: {x: 0, y: 0, z: 0}
--- !u!1 &4493534434143699610
GameObject:
  m_ObjectHideFlags: 0
  m_CorrespondingSourceObject: {fileID: 0}
  m_PrefabInstance: {fileID: 0}
  m_PrefabAsset: {fileID: 0}
  serializedVersion: 6
  m_Component:
  - component: {fileID: 4493534434143280826}
  m_Layer: 0
  m_Name: RestOfFingers_Intermediate_Right
  m_TagString: Untagged
  m_Icon: {fileID: 0}
  m_NavMeshLayer: 0
  m_StaticEditorFlags: 0
  m_IsActive: 1
--- !u!4 &4493534434143280826
Transform:
  m_ObjectHideFlags: 0
  m_CorrespondingSourceObject: {fileID: 0}
  m_PrefabInstance: {fileID: 0}
  m_PrefabAsset: {fileID: 0}
  m_GameObject: {fileID: 4493534434143699610}
  m_LocalRotation: {x: -0.0061721927, y: -0.012479491, z: 0.3441051, w: 0.93882793}
  m_LocalPosition: {x: -8.025833, y: -1.7053026e-13, z: 4.8849813e-15}
  m_LocalScale: {x: 1, y: 1, z: 1}
  m_Children:
  - {fileID: 4493534434143280822}
  m_Father: {fileID: 4493534434143280830}
  m_RootOrder: 0
  m_LocalEulerAnglesHint: {x: 0, y: 0, z: 0}
--- !u!1 &4493534434143699612
GameObject:
  m_ObjectHideFlags: 0
  m_CorrespondingSourceObject: {fileID: 0}
  m_PrefabInstance: {fileID: 0}
  m_PrefabAsset: {fileID: 0}
  serializedVersion: 6
  m_Component:
  - component: {fileID: 4493534434143280828}
  m_Layer: 0
  m_Name: RestOfFingers_Proximal_Left
  m_TagString: Untagged
  m_Icon: {fileID: 0}
  m_NavMeshLayer: 0
  m_StaticEditorFlags: 0
  m_IsActive: 1
--- !u!4 &4493534434143280828
Transform:
  m_ObjectHideFlags: 0
  m_CorrespondingSourceObject: {fileID: 0}
  m_PrefabInstance: {fileID: 0}
  m_PrefabAsset: {fileID: 0}
  m_GameObject: {fileID: 4493534434143699612}
  m_LocalRotation: {x: 0.0028340812, y: 0.060178064, z: 0.060824323, w: 0.9963288}
  m_LocalPosition: {x: -18.094444, y: 5.684342e-14, z: 1.7763568e-15}
  m_LocalScale: {x: 1, y: 1, z: 1}
  m_Children:
  - {fileID: 4493534434143280824}
  m_Father: {fileID: 4493534434143280874}
  m_RootOrder: 1
  m_LocalEulerAnglesHint: {x: 0, y: 0, z: 0}
--- !u!1 &4493534434143699614
GameObject:
  m_ObjectHideFlags: 0
  m_CorrespondingSourceObject: {fileID: 0}
  m_PrefabInstance: {fileID: 0}
  m_PrefabAsset: {fileID: 0}
  serializedVersion: 6
  m_Component:
  - component: {fileID: 4493534434143280830}
  m_Layer: 0
  m_Name: RestOfFingers_Proximal_Right
  m_TagString: Untagged
  m_Icon: {fileID: 0}
  m_NavMeshLayer: 0
  m_StaticEditorFlags: 0
  m_IsActive: 1
--- !u!4 &4493534434143280830
Transform:
  m_ObjectHideFlags: 0
  m_CorrespondingSourceObject: {fileID: 0}
  m_PrefabInstance: {fileID: 0}
  m_PrefabAsset: {fileID: 0}
  m_GameObject: {fileID: 4493534434143699614}
  m_LocalRotation: {x: -0.0028322286, y: -0.060177784, z: 0.060808677, w: 0.9963297}
  m_LocalPosition: {x: -18.094389, y: 8.526513e-14, z: -1.0658141e-14}
  m_LocalScale: {x: 1, y: 1, z: 1}
  m_Children:
  - {fileID: 4493534434143280826}
  m_Father: {fileID: 4493534434143280876}
  m_RootOrder: 1
  m_LocalEulerAnglesHint: {x: 0, y: 0, z: 0}
--- !u!1 &4493534434143699616
GameObject:
  m_ObjectHideFlags: 0
  m_CorrespondingSourceObject: {fileID: 0}
  m_PrefabInstance: {fileID: 0}
  m_PrefabAsset: {fileID: 0}
  serializedVersion: 6
  m_Component:
  - component: {fileID: 4493534434143280832}
  m_Layer: 0
  m_Name: Index_Proximal_Left
  m_TagString: Untagged
  m_Icon: {fileID: 0}
  m_NavMeshLayer: 0
  m_StaticEditorFlags: 0
  m_IsActive: 1
--- !u!4 &4493534434143280832
Transform:
  m_ObjectHideFlags: 0
  m_CorrespondingSourceObject: {fileID: 0}
  m_PrefabInstance: {fileID: 0}
  m_PrefabAsset: {fileID: 0}
  m_GameObject: {fileID: 4493534434143699616}
  m_LocalRotation: {x: 0.0028642316, y: 0.04212831, z: 0.08163239, w: 0.9957676}
  m_LocalPosition: {x: -13.357445, y: -0.09144714, z: 13.440094}
  m_LocalScale: {x: 1, y: 1, z: 1}
  m_Children:
  - {fileID: 4493534434143280860}
  m_Father: {fileID: 4493534434143280874}
  m_RootOrder: 0
  m_LocalEulerAnglesHint: {x: 0, y: 0, z: 0}
--- !u!1 &4493534434143699618
GameObject:
  m_ObjectHideFlags: 0
  m_CorrespondingSourceObject: {fileID: 0}
  m_PrefabInstance: {fileID: 0}
  m_PrefabAsset: {fileID: 0}
  serializedVersion: 6
  m_Component:
  - component: {fileID: 4493534434143280834}
  m_Layer: 0
  m_Name: Index_Proximal_Right
  m_TagString: Untagged
  m_Icon: {fileID: 0}
  m_NavMeshLayer: 0
  m_StaticEditorFlags: 0
  m_IsActive: 1
--- !u!4 &4493534434143280834
Transform:
  m_ObjectHideFlags: 0
  m_CorrespondingSourceObject: {fileID: 0}
  m_PrefabInstance: {fileID: 0}
  m_PrefabAsset: {fileID: 0}
  m_GameObject: {fileID: 4493534434143699618}
  m_LocalRotation: {x: -0.0028644414, y: -0.042128764, z: 0.08165133, w: 0.99576604}
  m_LocalPosition: {x: -13.357139, y: -0.09103328, z: -13.440055}
  m_LocalScale: {x: 1, y: 1, z: 1}
  m_Children:
  - {fileID: 4493534434143280862}
  m_Father: {fileID: 4493534434143280876}
  m_RootOrder: 0
  m_LocalEulerAnglesHint: {x: 0, y: 0, z: 0}
--- !u!1 &4493534434143699620
GameObject:
  m_ObjectHideFlags: 0
  m_CorrespondingSourceObject: {fileID: 0}
  m_PrefabInstance: {fileID: 0}
  m_PrefabAsset: {fileID: 0}
  serializedVersion: 6
  m_Component:
  - component: {fileID: 4493534434143280836}
  - component: {fileID: 4493534434155270106}
  m_Layer: 0
  m_Name: Leg1
  m_TagString: Untagged
  m_Icon: {fileID: 0}
  m_NavMeshLayer: 0
  m_StaticEditorFlags: 0
  m_IsActive: 1
--- !u!4 &4493534434143280836
Transform:
  m_ObjectHideFlags: 0
  m_CorrespondingSourceObject: {fileID: 0}
  m_PrefabInstance: {fileID: 0}
  m_PrefabAsset: {fileID: 0}
  m_GameObject: {fileID: 4493534434143699620}
  m_LocalRotation: {x: 0, y: -0, z: -0, w: 1}
  m_LocalPosition: {x: -0, y: -96.69518, z: -8.197696}
  m_LocalScale: {x: 0.01, y: 0.01, z: 0.01}
  m_Children: []
  m_Father: {fileID: 4493534434143280818}
  m_RootOrder: 6
  m_LocalEulerAnglesHint: {x: 0, y: 0, z: 0}
--- !u!137 &4493534434155270106
SkinnedMeshRenderer:
  m_ObjectHideFlags: 0
  m_CorrespondingSourceObject: {fileID: 0}
  m_PrefabInstance: {fileID: 0}
  m_PrefabAsset: {fileID: 0}
  m_GameObject: {fileID: 4493534434143699620}
  m_Enabled: 1
  m_CastShadows: 1
  m_ReceiveShadows: 1
  m_DynamicOccludee: 1
  m_MotionVectors: 1
  m_LightProbeUsage: 1
  m_ReflectionProbeUsage: 1
  m_RayTracingMode: 3
  m_RayTraceProcedural: 0
  m_RenderingLayerMask: 1
  m_RendererPriority: 0
  m_Materials:
  - {fileID: 2100000, guid: 9d4df993be894774282a0b17d51a0723, type: 2}
  m_StaticBatchInfo:
    firstSubMesh: 0
    subMeshCount: 0
  m_StaticBatchRoot: {fileID: 0}
  m_ProbeAnchor: {fileID: 0}
  m_LightProbeVolumeOverride: {fileID: 0}
  m_ScaleInLightmap: 1
  m_ReceiveGI: 1
  m_PreserveUVs: 0
  m_IgnoreNormalsForChartDetection: 0
  m_ImportantGI: 0
  m_StitchLightmapSeams: 0
  m_SelectedEditorRenderState: 3
  m_MinimumChartSize: 4
  m_AutoUVMaxDistance: 0.5
  m_AutoUVMaxAngle: 89
  m_LightmapParameters: {fileID: 0}
  m_SortingLayerID: 0
  m_SortingLayer: 0
  m_SortingOrder: 0
  serializedVersion: 2
  m_Quality: 0
  m_UpdateWhenOffscreen: 0
  m_SkinnedMotionVectors: 1
  m_Mesh: {fileID: 4300008, guid: 5ae220fa0f79ffe41b0102a618febf5a, type: 3}
  m_Bones:
  - {fileID: 4493534434143280854}
  - {fileID: 4493534434143280784}
  - {fileID: 4493534434143280868}
  - {fileID: 4493534434143280816}
  - {fileID: 4493534434143280878}
  - {fileID: 4493534434143280850}
  - {fileID: 4493534434143280852}
  - {fileID: 4493534434143280800}
  - {fileID: 4493534434143280776}
  - {fileID: 4493534434143280838}
  - {fileID: 4493534434143280874}
  - {fileID: 4493534434143280828}
  - {fileID: 4493534434143280824}
  - {fileID: 4493534434143280820}
  - {fileID: 4493534434143280832}
  - {fileID: 4493534434143280860}
  - {fileID: 4493534434143280856}
  - {fileID: 4493534434143280794}
  - {fileID: 4493534434143280790}
  - {fileID: 4493534434143280786}
  - {fileID: 4493534434143280812}
  - {fileID: 4493534434143280808}
  - {fileID: 4493534434143280804}
  - {fileID: 4493534434143280802}
  - {fileID: 4493534434143280778}
  - {fileID: 4493534434143280840}
  - {fileID: 4493534434143280876}
  - {fileID: 4493534434143280830}
  - {fileID: 4493534434143280826}
  - {fileID: 4493534434143280822}
  - {fileID: 4493534434143280834}
  - {fileID: 4493534434143280862}
  - {fileID: 4493534434143280858}
  - {fileID: 4493534434143280796}
  - {fileID: 4493534434143280792}
  - {fileID: 4493534434143280788}
  - {fileID: 4493534434143280814}
  - {fileID: 4493534434143280810}
  - {fileID: 4493534434143280806}
  - {fileID: 4493534434143280894}
  - {fileID: 4493534434143280882}
  - {fileID: 4493534434143280886}
  - {fileID: 4493534434143280884}
  - {fileID: 4493534434143280780}
  - {fileID: 4493534434143280842}
  - {fileID: 4493534434143280870}
  - {fileID: 4493534434143280798}
  - {fileID: 4493534434143280770}
  - {fileID: 4493534434143280782}
  - {fileID: 4493534434143280844}
  - {fileID: 4493534434143280872}
  - {fileID: 4493534434143280768}
  - {fileID: 4493534434143280772}
  - {fileID: 4493534434143280890}
  - {fileID: 4493534434143280846}
  - {fileID: 4493534434143280774}
  - {fileID: 4493534434143280888}
  m_BlendShapeWeights: []
  m_RootBone: {fileID: 4493534434143280854}
  m_AABB:
    m_Center: {x: 53.24073, y: -15.325765, z: 0.17397118}
    m_Extent: {x: 69.29029, y: 36.12146, z: 51.77101}
  m_DirtyAABB: 0
--- !u!1 &4493534434143699622
GameObject:
  m_ObjectHideFlags: 0
  m_CorrespondingSourceObject: {fileID: 0}
  m_PrefabInstance: {fileID: 0}
  m_PrefabAsset: {fileID: 0}
  serializedVersion: 6
  m_Component:
  - component: {fileID: 4493534434143280838}
  m_Layer: 0
  m_Name: LowerArm_Left
  m_TagString: Untagged
  m_Icon: {fileID: 0}
  m_NavMeshLayer: 0
  m_StaticEditorFlags: 0
  m_IsActive: 1
--- !u!4 &4493534434143280838
Transform:
  m_ObjectHideFlags: 0
  m_CorrespondingSourceObject: {fileID: 0}
  m_PrefabInstance: {fileID: 0}
  m_PrefabAsset: {fileID: 0}
  m_GameObject: {fileID: 4493534434143699622}
  m_LocalRotation: {x: -1.11818e-29, y: 0.049585894, z: 1.0904029e-28, w: 0.9987699}
  m_LocalPosition: {x: -33.66694, y: 2.842171e-14, z: 4.2188475e-15}
  m_LocalScale: {x: 1, y: 1, z: 1}
  m_Children:
  - {fileID: 4493534434143280874}
  m_Father: {fileID: 4493534434143280776}
  m_RootOrder: 0
  m_LocalEulerAnglesHint: {x: 0, y: 0, z: 0}
--- !u!1 &4493534434143699624
GameObject:
  m_ObjectHideFlags: 0
  m_CorrespondingSourceObject: {fileID: 0}
  m_PrefabInstance: {fileID: 0}
  m_PrefabAsset: {fileID: 0}
  serializedVersion: 6
  m_Component:
  - component: {fileID: 4493534434143280840}
  m_Layer: 0
  m_Name: LowerArm_Right
  m_TagString: Untagged
  m_Icon: {fileID: 0}
  m_NavMeshLayer: 0
  m_StaticEditorFlags: 0
  m_IsActive: 1
--- !u!4 &4493534434143280840
Transform:
  m_ObjectHideFlags: 0
  m_CorrespondingSourceObject: {fileID: 0}
  m_PrefabInstance: {fileID: 0}
  m_PrefabAsset: {fileID: 0}
  m_GameObject: {fileID: 4493534434143699624}
  m_LocalRotation: {x: 4.9720758e-29, y: -0.049585804, z: 1.0024346e-27, w: 0.9987699}
  m_LocalPosition: {x: -33.666927, y: 0, z: -1.4432899e-15}
  m_LocalScale: {x: 1, y: 1, z: 1}
  m_Children:
  - {fileID: 4493534434143280876}
  m_Father: {fileID: 4493534434143280778}
  m_RootOrder: 0
  m_LocalEulerAnglesHint: {x: 0, y: 0, z: 0}
--- !u!1 &4493534434143699626
GameObject:
  m_ObjectHideFlags: 0
  m_CorrespondingSourceObject: {fileID: 0}
  m_PrefabInstance: {fileID: 0}
  m_PrefabAsset: {fileID: 0}
  serializedVersion: 6
  m_Component:
  - component: {fileID: 4493534434143280842}
  m_Layer: 0
  m_Name: LowerLeg_Left
  m_TagString: Untagged
  m_Icon: {fileID: 0}
  m_NavMeshLayer: 0
  m_StaticEditorFlags: 0
  m_IsActive: 1
--- !u!4 &4493534434143280842
Transform:
  m_ObjectHideFlags: 0
  m_CorrespondingSourceObject: {fileID: 0}
  m_PrefabInstance: {fileID: 0}
  m_PrefabAsset: {fileID: 0}
  m_GameObject: {fileID: 4493534434143699626}
  m_LocalRotation: {x: -0.6640286, y: -0.051458772, z: -0.042404156, w: 0.74472815}
  m_LocalPosition: {x: -33.436848, y: -2.4868996e-14, z: 6.217249e-15}
  m_LocalScale: {x: 1, y: 1, z: 1}
  m_Children:
  - {fileID: 4493534434143280870}
  m_Father: {fileID: 4493534434143280780}
  m_RootOrder: 0
  m_LocalEulerAnglesHint: {x: 0, y: 0, z: 0}
--- !u!1 &4493534434143699628
GameObject:
  m_ObjectHideFlags: 0
  m_CorrespondingSourceObject: {fileID: 0}
  m_PrefabInstance: {fileID: 0}
  m_PrefabAsset: {fileID: 0}
  serializedVersion: 6
  m_Component:
  - component: {fileID: 4493534434143280844}
  m_Layer: 0
  m_Name: LowerLeg_Right
  m_TagString: Untagged
  m_Icon: {fileID: 0}
  m_NavMeshLayer: 0
  m_StaticEditorFlags: 0
  m_IsActive: 1
--- !u!4 &4493534434143280844
Transform:
  m_ObjectHideFlags: 0
  m_CorrespondingSourceObject: {fileID: 0}
  m_PrefabInstance: {fileID: 0}
  m_PrefabAsset: {fileID: 0}
  m_GameObject: {fileID: 4493534434143699628}
  m_LocalRotation: {x: 0.66088396, y: 0.05163587, z: -0.04218814, w: 0.74752015}
  m_LocalPosition: {x: -33.437313, y: 4.973799e-14, z: -8.881784e-15}
  m_LocalScale: {x: 1, y: 1, z: 1}
  m_Children:
  - {fileID: 4493534434143280872}
  m_Father: {fileID: 4493534434143280782}
  m_RootOrder: 0
  m_LocalEulerAnglesHint: {x: 0, y: 0, z: 0}
--- !u!1 &4493534434143699630
GameObject:
  m_ObjectHideFlags: 0
  m_CorrespondingSourceObject: {fileID: 0}
  m_PrefabInstance: {fileID: 0}
  m_PrefabAsset: {fileID: 0}
  serializedVersion: 6
  m_Component:
  - component: {fileID: 4493534434143280846}
  m_Layer: 0
  m_Name: magazine_Right
  m_TagString: Untagged
  m_Icon: {fileID: 0}
  m_NavMeshLayer: 0
  m_StaticEditorFlags: 0
  m_IsActive: 1
--- !u!4 &4493534434143280846
Transform:
  m_ObjectHideFlags: 0
  m_CorrespondingSourceObject: {fileID: 0}
  m_PrefabInstance: {fileID: 0}
  m_PrefabAsset: {fileID: 0}
  m_GameObject: {fileID: 4493534434143699630}
  m_LocalRotation: {x: -0.4881349, y: 0.5173824, z: 0.48743477, w: 0.5064061}
  m_LocalPosition: {x: -0.004472253, y: -40.147858, z: 0.03500123}
  m_LocalScale: {x: 1, y: 1, z: 1}
  m_Children: []
  m_Father: {fileID: 4493534434143280890}
  m_RootOrder: 0
  m_LocalEulerAnglesHint: {x: 0, y: 0, z: 0}
--- !u!1 &4493534434143699632
GameObject:
  m_ObjectHideFlags: 0
  m_CorrespondingSourceObject: {fileID: 0}
  m_PrefabInstance: {fileID: 0}
  m_PrefabAsset: {fileID: 0}
  serializedVersion: 6
  m_Component:
  - component: {fileID: 4493534434143280848}
  - component: {fileID: 4493534434155270104}
  m_Layer: 0
  m_Name: head1
  m_TagString: Untagged
  m_Icon: {fileID: 0}
  m_NavMeshLayer: 0
  m_StaticEditorFlags: 0
  m_IsActive: 1
--- !u!4 &4493534434143280848
Transform:
  m_ObjectHideFlags: 0
  m_CorrespondingSourceObject: {fileID: 0}
  m_PrefabInstance: {fileID: 0}
  m_PrefabAsset: {fileID: 0}
  m_GameObject: {fileID: 4493534434143699632}
  m_LocalRotation: {x: 0, y: -0, z: -0, w: 1}
  m_LocalPosition: {x: -0, y: -176.9416, z: -6.1230974}
  m_LocalScale: {x: 0.01, y: 0.01, z: 0.01}
  m_Children: []
  m_Father: {fileID: 4493534434143280818}
  m_RootOrder: 4
  m_LocalEulerAnglesHint: {x: 0, y: 0, z: 0}
--- !u!137 &4493534434155270104
SkinnedMeshRenderer:
  m_ObjectHideFlags: 0
  m_CorrespondingSourceObject: {fileID: 0}
  m_PrefabInstance: {fileID: 0}
  m_PrefabAsset: {fileID: 0}
  m_GameObject: {fileID: 4493534434143699632}
  m_Enabled: 1
  m_CastShadows: 1
  m_ReceiveShadows: 1
  m_DynamicOccludee: 1
  m_MotionVectors: 1
  m_LightProbeUsage: 1
  m_ReflectionProbeUsage: 1
  m_RayTracingMode: 3
  m_RayTraceProcedural: 0
  m_RenderingLayerMask: 1
  m_RendererPriority: 0
  m_Materials:
  - {fileID: 2100000, guid: 9d4df993be894774282a0b17d51a0723, type: 2}
  m_StaticBatchInfo:
    firstSubMesh: 0
    subMeshCount: 0
  m_StaticBatchRoot: {fileID: 0}
  m_ProbeAnchor: {fileID: 0}
  m_LightProbeVolumeOverride: {fileID: 0}
  m_ScaleInLightmap: 1
  m_ReceiveGI: 1
  m_PreserveUVs: 0
  m_IgnoreNormalsForChartDetection: 0
  m_ImportantGI: 0
  m_StitchLightmapSeams: 0
  m_SelectedEditorRenderState: 3
  m_MinimumChartSize: 4
  m_AutoUVMaxDistance: 0.5
  m_AutoUVMaxAngle: 89
  m_LightmapParameters: {fileID: 0}
  m_SortingLayerID: 0
  m_SortingLayer: 0
  m_SortingOrder: 0
  serializedVersion: 2
  m_Quality: 0
  m_UpdateWhenOffscreen: 0
  m_SkinnedMotionVectors: 1
  m_Mesh: {fileID: 4300000, guid: 5ae220fa0f79ffe41b0102a618febf5a, type: 3}
  m_Bones:
  - {fileID: 4493534434143280854}
  - {fileID: 4493534434143280784}
  - {fileID: 4493534434143280868}
  - {fileID: 4493534434143280816}
  - {fileID: 4493534434143280878}
  - {fileID: 4493534434143280850}
  - {fileID: 4493534434143280852}
  - {fileID: 4493534434143280800}
  - {fileID: 4493534434143280776}
  - {fileID: 4493534434143280838}
  - {fileID: 4493534434143280874}
  - {fileID: 4493534434143280828}
  - {fileID: 4493534434143280824}
  - {fileID: 4493534434143280820}
  - {fileID: 4493534434143280832}
  - {fileID: 4493534434143280860}
  - {fileID: 4493534434143280856}
  - {fileID: 4493534434143280794}
  - {fileID: 4493534434143280790}
  - {fileID: 4493534434143280786}
  - {fileID: 4493534434143280812}
  - {fileID: 4493534434143280808}
  - {fileID: 4493534434143280804}
  - {fileID: 4493534434143280802}
  - {fileID: 4493534434143280778}
  - {fileID: 4493534434143280840}
  - {fileID: 4493534434143280876}
  - {fileID: 4493534434143280830}
  - {fileID: 4493534434143280826}
  - {fileID: 4493534434143280822}
  - {fileID: 4493534434143280834}
  - {fileID: 4493534434143280862}
  - {fileID: 4493534434143280858}
  - {fileID: 4493534434143280796}
  - {fileID: 4493534434143280792}
  - {fileID: 4493534434143280788}
  - {fileID: 4493534434143280814}
  - {fileID: 4493534434143280810}
  - {fileID: 4493534434143280806}
  - {fileID: 4493534434143280894}
  - {fileID: 4493534434143280882}
  - {fileID: 4493534434143280886}
  - {fileID: 4493534434143280884}
  - {fileID: 4493534434143280780}
  - {fileID: 4493534434143280842}
  - {fileID: 4493534434143280870}
  - {fileID: 4493534434143280798}
  - {fileID: 4493534434143280770}
  - {fileID: 4493534434143280782}
  - {fileID: 4493534434143280844}
  - {fileID: 4493534434143280872}
  - {fileID: 4493534434143280768}
  - {fileID: 4493534434143280772}
  - {fileID: 4493534434143280890}
  - {fileID: 4493534434143280846}
  - {fileID: 4493534434143280774}
  - {fileID: 4493534434143280888}
  m_BlendShapeWeights: []
  m_RootBone: {fileID: 4493534434143280854}
  m_AABB:
    m_Center: {x: -71.52329, y: 10.616158, z: -1.0935726}
    m_Extent: {x: 26.513672, y: 26.529358, z: 17.550735}
  m_DirtyAABB: 0
--- !u!1 &4493534434143699634
GameObject:
  m_ObjectHideFlags: 0
  m_CorrespondingSourceObject: {fileID: 0}
  m_PrefabInstance: {fileID: 0}
  m_PrefabAsset: {fileID: 0}
  serializedVersion: 6
  m_Component:
  - component: {fileID: 4493534434143280850}
  m_Layer: 0
  m_Name: Headgear_Left
  m_TagString: Untagged
  m_Icon: {fileID: 0}
  m_NavMeshLayer: 0
  m_StaticEditorFlags: 0
  m_IsActive: 1
--- !u!4 &4493534434143280850
Transform:
  m_ObjectHideFlags: 0
  m_CorrespondingSourceObject: {fileID: 0}
  m_PrefabInstance: {fileID: 0}
  m_PrefabAsset: {fileID: 0}
  m_GameObject: {fileID: 4493534434143699634}
  m_LocalRotation: {x: 0.47540557, y: -0.44884732, z: 0.5234402, w: 0.54638463}
  m_LocalPosition: {x: -8.526513e-14, y: -6.550316e-15, z: -13.487081}
  m_LocalScale: {x: 1, y: 1, z: 1}
  m_Children: []
  m_Father: {fileID: 4493534434143280878}
  m_RootOrder: 0
  m_LocalEulerAnglesHint: {x: 0, y: 0, z: 0}
--- !u!1 &4493534434143699636
GameObject:
  m_ObjectHideFlags: 0
  m_CorrespondingSourceObject: {fileID: 0}
  m_PrefabInstance: {fileID: 0}
  m_PrefabAsset: {fileID: 0}
  serializedVersion: 6
  m_Component:
  - component: {fileID: 4493534434143280852}
  m_Layer: 0
  m_Name: Headgear_Right
  m_TagString: Untagged
  m_Icon: {fileID: 0}
  m_NavMeshLayer: 0
  m_StaticEditorFlags: 0
  m_IsActive: 1
--- !u!4 &4493534434143280852
Transform:
  m_ObjectHideFlags: 0
  m_CorrespondingSourceObject: {fileID: 0}
  m_PrefabInstance: {fileID: 0}
  m_PrefabAsset: {fileID: 0}
  m_GameObject: {fileID: 4493534434143699636}
  m_LocalRotation: {x: -0.5234401, y: 0.5463846, z: 0.4754055, w: 0.44884726}
  m_LocalPosition: {x: 1.3088212, y: 3.871166, z: 12.853171}
  m_LocalScale: {x: 1, y: 1, z: 1}
  m_Children: []
  m_Father: {fileID: 4493534434143280878}
  m_RootOrder: 1
  m_LocalEulerAnglesHint: {x: 0, y: 0, z: 0}
--- !u!1 &4493534434143699638
GameObject:
  m_ObjectHideFlags: 0
  m_CorrespondingSourceObject: {fileID: 0}
  m_PrefabInstance: {fileID: 0}
  m_PrefabAsset: {fileID: 0}
  serializedVersion: 6
  m_Component:
  - component: {fileID: 4493534434143280854}
  m_Layer: 0
  m_Name: Hips
  m_TagString: Untagged
  m_Icon: {fileID: 0}
  m_NavMeshLayer: 0
  m_StaticEditorFlags: 0
  m_IsActive: 1
--- !u!4 &4493534434143280854
Transform:
  m_ObjectHideFlags: 0
  m_CorrespondingSourceObject: {fileID: 0}
  m_PrefabInstance: {fileID: 0}
  m_PrefabAsset: {fileID: 0}
  m_GameObject: {fileID: 4493534434143699638}
  m_LocalRotation: {x: -0.4582423, y: 0.5385295, z: -0.4582423, w: 0.5385295}
  m_LocalPosition: {x: -0, y: 1.0650933, z: 0.038611155}
  m_LocalScale: {x: 0.01, y: 0.01, z: 0.01}
  m_Children:
  - {fileID: 4493534434143280888}
  - {fileID: 4493534434143280890}
  - {fileID: 4493534434143280784}
  - {fileID: 4493534434143280780}
  - {fileID: 4493534434143280782}
  m_Father: {fileID: 4493534434143280818}
  m_RootOrder: 5
  m_LocalEulerAnglesHint: {x: 0, y: 0, z: 0}
--- !u!1 &4493534434143699640
GameObject:
  m_ObjectHideFlags: 0
  m_CorrespondingSourceObject: {fileID: 0}
  m_PrefabInstance: {fileID: 0}
  m_PrefabAsset: {fileID: 0}
  serializedVersion: 6
  m_Component:
  - component: {fileID: 4493534434143280856}
  m_Layer: 0
  m_Name: Index_Distal_Left
  m_TagString: Untagged
  m_Icon: {fileID: 0}
  m_NavMeshLayer: 0
  m_StaticEditorFlags: 0
  m_IsActive: 1
--- !u!4 &4493534434143280856
Transform:
  m_ObjectHideFlags: 0
  m_CorrespondingSourceObject: {fileID: 0}
  m_PrefabInstance: {fileID: 0}
  m_PrefabAsset: {fileID: 0}
  m_GameObject: {fileID: 4493534434143699640}
  m_LocalRotation: {x: -0.013842603, y: -0.01243883, z: 0.16401216, w: 0.98628277}
  m_LocalPosition: {x: -7.9783425, y: 5.684342e-14, z: -1.7763568e-15}
  m_LocalScale: {x: 1, y: 1, z: 1}
  m_Children: []
  m_Father: {fileID: 4493534434143280860}
  m_RootOrder: 0
  m_LocalEulerAnglesHint: {x: 0, y: 0, z: 0}
--- !u!1 &4493534434143699642
GameObject:
  m_ObjectHideFlags: 0
  m_CorrespondingSourceObject: {fileID: 0}
  m_PrefabInstance: {fileID: 0}
  m_PrefabAsset: {fileID: 0}
  serializedVersion: 6
  m_Component:
  - component: {fileID: 4493534434143280858}
  m_Layer: 0
  m_Name: Index_Distal_Right
  m_TagString: Untagged
  m_Icon: {fileID: 0}
  m_NavMeshLayer: 0
  m_StaticEditorFlags: 0
  m_IsActive: 1
--- !u!4 &4493534434143280858
Transform:
  m_ObjectHideFlags: 0
  m_CorrespondingSourceObject: {fileID: 0}
  m_PrefabInstance: {fileID: 0}
  m_PrefabAsset: {fileID: 0}
  m_GameObject: {fileID: 4493534434143699642}
  m_LocalRotation: {x: 0.012835801, y: 0.013473716, z: 0.08711711, w: 0.99602425}
  m_LocalPosition: {x: -7.9785438, y: 1.7053026e-13, z: 4.440892e-15}
  m_LocalScale: {x: 1, y: 1, z: 1}
  m_Children: []
  m_Father: {fileID: 4493534434143280862}
  m_RootOrder: 0
  m_LocalEulerAnglesHint: {x: 0, y: 0, z: 0}
--- !u!1 &4493534434143699644
GameObject:
  m_ObjectHideFlags: 0
  m_CorrespondingSourceObject: {fileID: 0}
  m_PrefabInstance: {fileID: 0}
  m_PrefabAsset: {fileID: 0}
  serializedVersion: 6
  m_Component:
  - component: {fileID: 4493534434143280860}
  m_Layer: 0
  m_Name: Index_Intermediate_Left
  m_TagString: Untagged
  m_Icon: {fileID: 0}
  m_NavMeshLayer: 0
  m_StaticEditorFlags: 0
  m_IsActive: 1
--- !u!4 &4493534434143280860
Transform:
  m_ObjectHideFlags: 0
  m_CorrespondingSourceObject: {fileID: 0}
  m_PrefabInstance: {fileID: 0}
  m_PrefabAsset: {fileID: 0}
  m_GameObject: {fileID: 4493534434143699644}
  m_LocalRotation: {x: 0.017964862, y: 0.041127786, z: 0.25889415, w: 0.96486247}
  m_LocalPosition: {x: -10.023557, y: -1.4210855e-13, z: 8.881784e-15}
  m_LocalScale: {x: 1, y: 1, z: 1}
  m_Children:
  - {fileID: 4493534434143280856}
  m_Father: {fileID: 4493534434143280832}
  m_RootOrder: 0
  m_LocalEulerAnglesHint: {x: 0, y: 0, z: 0}
--- !u!1 &4493534434143699646
GameObject:
  m_ObjectHideFlags: 0
  m_CorrespondingSourceObject: {fileID: 0}
  m_PrefabInstance: {fileID: 0}
  m_PrefabAsset: {fileID: 0}
  serializedVersion: 6
  m_Component:
  - component: {fileID: 4493534434143280862}
  m_Layer: 0
  m_Name: Index_Intermediate_Right
  m_TagString: Untagged
  m_Icon: {fileID: 0}
  m_NavMeshLayer: 0
  m_StaticEditorFlags: 0
  m_IsActive: 1
--- !u!4 &4493534434143280862
Transform:
  m_ObjectHideFlags: 0
  m_CorrespondingSourceObject: {fileID: 0}
  m_PrefabInstance: {fileID: 0}
  m_PrefabAsset: {fileID: 0}
  m_GameObject: {fileID: 4493534434143699646}
  m_LocalRotation: {x: -0.017963478, y: -0.041126773, z: 0.25885317, w: 0.96487355}
  m_LocalPosition: {x: -10.023805, y: -1.4210855e-13, z: -1.7763568e-15}
  m_LocalScale: {x: 1, y: 1, z: 1}
  m_Children:
  - {fileID: 4493534434143280858}
  m_Father: {fileID: 4493534434143280834}
  m_RootOrder: 0
  m_LocalEulerAnglesHint: {x: 0, y: 0, z: 0}
--- !u!1 &4493534434143699648
GameObject:
  m_ObjectHideFlags: 0
  m_CorrespondingSourceObject: {fileID: 0}
  m_PrefabInstance: {fileID: 0}
  m_PrefabAsset: {fileID: 0}
  serializedVersion: 6
  m_Component:
  - component: {fileID: 4493534434143280864}
  - component: {fileID: 4493534434155270100}
  m_Layer: 0
  m_Name: Backpack1
  m_TagString: Untagged
  m_Icon: {fileID: 0}
  m_NavMeshLayer: 0
  m_StaticEditorFlags: 0
  m_IsActive: 1
--- !u!4 &4493534434143280864
Transform:
  m_ObjectHideFlags: 0
  m_CorrespondingSourceObject: {fileID: 0}
  m_PrefabInstance: {fileID: 0}
  m_PrefabAsset: {fileID: 0}
  m_GameObject: {fileID: 4493534434143699648}
  m_LocalRotation: {x: 0, y: -0, z: -0, w: 1}
  m_LocalPosition: {x: -0, y: -138.49533, z: 34.48629}
  m_LocalScale: {x: 0.01, y: 0.01, z: 0.01}
  m_Children: []
  m_Father: {fileID: 4493534434143280818}
  m_RootOrder: 2
  m_LocalEulerAnglesHint: {x: 0, y: 0, z: 0}
--- !u!137 &4493534434155270100
SkinnedMeshRenderer:
  m_ObjectHideFlags: 0
  m_CorrespondingSourceObject: {fileID: 0}
  m_PrefabInstance: {fileID: 0}
  m_PrefabAsset: {fileID: 0}
  m_GameObject: {fileID: 4493534434143699648}
  m_Enabled: 1
  m_CastShadows: 1
  m_ReceiveShadows: 1
  m_DynamicOccludee: 1
  m_MotionVectors: 1
  m_LightProbeUsage: 1
  m_ReflectionProbeUsage: 1
  m_RayTracingMode: 3
  m_RayTraceProcedural: 0
  m_RenderingLayerMask: 1
  m_RendererPriority: 0
  m_Materials:
  - {fileID: 2100000, guid: 9d4df993be894774282a0b17d51a0723, type: 2}
  m_StaticBatchInfo:
    firstSubMesh: 0
    subMeshCount: 0
  m_StaticBatchRoot: {fileID: 0}
  m_ProbeAnchor: {fileID: 0}
  m_LightProbeVolumeOverride: {fileID: 0}
  m_ScaleInLightmap: 1
  m_ReceiveGI: 1
  m_PreserveUVs: 0
  m_IgnoreNormalsForChartDetection: 0
  m_ImportantGI: 0
  m_StitchLightmapSeams: 0
  m_SelectedEditorRenderState: 3
  m_MinimumChartSize: 4
  m_AutoUVMaxDistance: 0.5
  m_AutoUVMaxAngle: 89
  m_LightmapParameters: {fileID: 0}
  m_SortingLayerID: 0
  m_SortingLayer: 0
  m_SortingOrder: 0
  serializedVersion: 2
  m_Quality: 0
  m_UpdateWhenOffscreen: 0
  m_SkinnedMotionVectors: 1
  m_Mesh: {fileID: 4300004, guid: 5ae220fa0f79ffe41b0102a618febf5a, type: 3}
  m_Bones:
  - {fileID: 4493534434143280854}
  - {fileID: 4493534434143280784}
  - {fileID: 4493534434143280868}
  - {fileID: 4493534434143280816}
  - {fileID: 4493534434143280878}
  - {fileID: 4493534434143280850}
  - {fileID: 4493534434143280852}
  - {fileID: 4493534434143280800}
  - {fileID: 4493534434143280776}
  - {fileID: 4493534434143280838}
  - {fileID: 4493534434143280874}
  - {fileID: 4493534434143280828}
  - {fileID: 4493534434143280824}
  - {fileID: 4493534434143280820}
  - {fileID: 4493534434143280832}
  - {fileID: 4493534434143280860}
  - {fileID: 4493534434143280856}
  - {fileID: 4493534434143280794}
  - {fileID: 4493534434143280790}
  - {fileID: 4493534434143280786}
  - {fileID: 4493534434143280812}
  - {fileID: 4493534434143280808}
  - {fileID: 4493534434143280804}
  - {fileID: 4493534434143280802}
  - {fileID: 4493534434143280778}
  - {fileID: 4493534434143280840}
  - {fileID: 4493534434143280876}
  - {fileID: 4493534434143280830}
  - {fileID: 4493534434143280826}
  - {fileID: 4493534434143280822}
  - {fileID: 4493534434143280834}
  - {fileID: 4493534434143280862}
  - {fileID: 4493534434143280858}
  - {fileID: 4493534434143280796}
  - {fileID: 4493534434143280792}
  - {fileID: 4493534434143280788}
  - {fileID: 4493534434143280814}
  - {fileID: 4493534434143280810}
  - {fileID: 4493534434143280806}
  - {fileID: 4493534434143280894}
  - {fileID: 4493534434143280882}
  - {fileID: 4493534434143280886}
  - {fileID: 4493534434143280884}
  - {fileID: 4493534434143280780}
  - {fileID: 4493534434143280842}
  - {fileID: 4493534434143280870}
  - {fileID: 4493534434143280798}
  - {fileID: 4493534434143280770}
  - {fileID: 4493534434143280782}
  - {fileID: 4493534434143280844}
  - {fileID: 4493534434143280872}
  - {fileID: 4493534434143280768}
  - {fileID: 4493534434143280772}
  - {fileID: 4493534434143280890}
  - {fileID: 4493534434143280846}
  - {fileID: 4493534434143280774}
  - {fileID: 4493534434143280888}
  m_BlendShapeWeights: []
  m_RootBone: {fileID: 4493534434143280854}
  m_AABB:
    m_Center: {x: -28.89946, y: 44.769905, z: -1.5718498}
    m_Extent: {x: 47.82257, y: 32.29384, z: 42.822285}
  m_DirtyAABB: 0
--- !u!1 &4493534434143699650
GameObject:
  m_ObjectHideFlags: 0
  m_CorrespondingSourceObject: {fileID: 0}
  m_PrefabInstance: {fileID: 0}
  m_PrefabAsset: {fileID: 0}
  serializedVersion: 6
  m_Component:
  - component: {fileID: 4493534434143280866}
  - component: {fileID: 4493534434155270102}
  m_Layer: 0
  m_Name: Body1
  m_TagString: Untagged
  m_Icon: {fileID: 0}
  m_NavMeshLayer: 0
  m_StaticEditorFlags: 0
  m_IsActive: 1
--- !u!4 &4493534434143280866
Transform:
  m_ObjectHideFlags: 0
  m_CorrespondingSourceObject: {fileID: 0}
  m_PrefabInstance: {fileID: 0}
  m_PrefabAsset: {fileID: 0}
  m_GameObject: {fileID: 4493534434143699650}
  m_LocalRotation: {x: 0, y: -0, z: -0, w: 1}
  m_LocalPosition: {x: -0.0000018693923, y: -129.49721, z: -6.0212374}
  m_LocalScale: {x: 0.01, y: 0.01, z: 0.01}
  m_Children: []
  m_Father: {fileID: 4493534434143280818}
  m_RootOrder: 3
  m_LocalEulerAnglesHint: {x: 0, y: 0, z: 0}
--- !u!137 &4493534434155270102
SkinnedMeshRenderer:
  m_ObjectHideFlags: 0
  m_CorrespondingSourceObject: {fileID: 0}
  m_PrefabInstance: {fileID: 0}
  m_PrefabAsset: {fileID: 0}
  m_GameObject: {fileID: 4493534434143699650}
  m_Enabled: 1
  m_CastShadows: 1
  m_ReceiveShadows: 1
  m_DynamicOccludee: 1
  m_MotionVectors: 1
  m_LightProbeUsage: 1
  m_ReflectionProbeUsage: 1
  m_RayTracingMode: 3
  m_RayTraceProcedural: 0
  m_RenderingLayerMask: 1
  m_RendererPriority: 0
  m_Materials:
  - {fileID: 2100000, guid: 9d4df993be894774282a0b17d51a0723, type: 2}
  m_StaticBatchInfo:
    firstSubMesh: 0
    subMeshCount: 0
  m_StaticBatchRoot: {fileID: 0}
  m_ProbeAnchor: {fileID: 0}
  m_LightProbeVolumeOverride: {fileID: 0}
  m_ScaleInLightmap: 1
  m_ReceiveGI: 1
  m_PreserveUVs: 0
  m_IgnoreNormalsForChartDetection: 0
  m_ImportantGI: 0
  m_StitchLightmapSeams: 0
  m_SelectedEditorRenderState: 3
  m_MinimumChartSize: 4
  m_AutoUVMaxDistance: 0.5
  m_AutoUVMaxAngle: 89
  m_LightmapParameters: {fileID: 0}
  m_SortingLayerID: 0
  m_SortingLayer: 0
  m_SortingOrder: 0
  serializedVersion: 2
  m_Quality: 0
  m_UpdateWhenOffscreen: 0
  m_SkinnedMotionVectors: 1
  m_Mesh: {fileID: 4300002, guid: 5ae220fa0f79ffe41b0102a618febf5a, type: 3}
  m_Bones:
  - {fileID: 4493534434143280854}
  - {fileID: 4493534434143280784}
  - {fileID: 4493534434143280868}
  - {fileID: 4493534434143280816}
  - {fileID: 4493534434143280878}
  - {fileID: 4493534434143280850}
  - {fileID: 4493534434143280852}
  - {fileID: 4493534434143280800}
  - {fileID: 4493534434143280776}
  - {fileID: 4493534434143280838}
  - {fileID: 4493534434143280874}
  - {fileID: 4493534434143280828}
  - {fileID: 4493534434143280824}
  - {fileID: 4493534434143280820}
  - {fileID: 4493534434143280832}
  - {fileID: 4493534434143280860}
  - {fileID: 4493534434143280856}
  - {fileID: 4493534434143280794}
  - {fileID: 4493534434143280790}
  - {fileID: 4493534434143280786}
  - {fileID: 4493534434143280812}
  - {fileID: 4493534434143280808}
  - {fileID: 4493534434143280804}
  - {fileID: 4493534434143280802}
  - {fileID: 4493534434143280778}
  - {fileID: 4493534434143280840}
  - {fileID: 4493534434143280876}
  - {fileID: 4493534434143280830}
  - {fileID: 4493534434143280826}
  - {fileID: 4493534434143280822}
  - {fileID: 4493534434143280834}
  - {fileID: 4493534434143280862}
  - {fileID: 4493534434143280858}
  - {fileID: 4493534434143280796}
  - {fileID: 4493534434143280792}
  - {fileID: 4493534434143280788}
  - {fileID: 4493534434143280814}
  - {fileID: 4493534434143280810}
  - {fileID: 4493534434143280806}
  - {fileID: 4493534434143280894}
  - {fileID: 4493534434143280882}
  - {fileID: 4493534434143280886}
  - {fileID: 4493534434143280884}
  - {fileID: 4493534434143280780}
  - {fileID: 4493534434143280842}
  - {fileID: 4493534434143280870}
  - {fileID: 4493534434143280798}
  - {fileID: 4493534434143280770}
  - {fileID: 4493534434143280782}
  - {fileID: 4493534434143280844}
  - {fileID: 4493534434143280872}
  - {fileID: 4493534434143280768}
  - {fileID: 4493534434143280772}
  - {fileID: 4493534434143280890}
  - {fileID: 4493534434143280846}
  - {fileID: 4493534434143280774}
  - {fileID: 4493534434143280888}
  m_BlendShapeWeights: []
  m_RootBone: {fileID: 4493534434143280854}
  m_AABB:
    m_Center: {x: -31.982391, y: 2.5145874, z: 0.0000019073486}
    m_Extent: {x: 51.12609, y: 46.604404, z: 27.749142}
  m_DirtyAABB: 0
--- !u!1 &4493534434143699652
GameObject:
  m_ObjectHideFlags: 0
  m_CorrespondingSourceObject: {fileID: 0}
  m_PrefabInstance: {fileID: 0}
  m_PrefabAsset: {fileID: 0}
  serializedVersion: 6
  m_Component:
  - component: {fileID: 4493534434143280868}
  m_Layer: 0
  m_Name: Chest
  m_TagString: Untagged
  m_Icon: {fileID: 0}
  m_NavMeshLayer: 0
  m_StaticEditorFlags: 0
  m_IsActive: 1
--- !u!4 &4493534434143280868
Transform:
  m_ObjectHideFlags: 0
  m_CorrespondingSourceObject: {fileID: 0}
  m_PrefabInstance: {fileID: 0}
  m_PrefabAsset: {fileID: 0}
  m_GameObject: {fileID: 4493534434143699652}
  m_LocalRotation: {x: 3.1378165e-33, y: -5.551116e-17, z: 0.18862787, w: 0.9820487}
  m_LocalPosition: {x: -24.042006, y: -1.0658141e-14, z: 1.9451509e-14}
  m_LocalScale: {x: 1, y: 1, z: 1}
  m_Children:
  - {fileID: 4493534434143280894}
  - {fileID: 4493534434143280816}
  - {fileID: 4493534434143280800}
  - {fileID: 4493534434143280802}
  m_Father: {fileID: 4493534434143280784}
  m_RootOrder: 0
  m_LocalEulerAnglesHint: {x: 0, y: 0, z: 0}
--- !u!1 &4493534434143699654
GameObject:
  m_ObjectHideFlags: 0
  m_CorrespondingSourceObject: {fileID: 0}
  m_PrefabInstance: {fileID: 0}
  m_PrefabAsset: {fileID: 0}
  serializedVersion: 6
  m_Component:
  - component: {fileID: 4493534434143280870}
  m_Layer: 0
  m_Name: Foot_Left
  m_TagString: Untagged
  m_Icon: {fileID: 0}
  m_NavMeshLayer: 0
  m_StaticEditorFlags: 0
  m_IsActive: 1
--- !u!4 &4493534434143280870
Transform:
  m_ObjectHideFlags: 0
  m_CorrespondingSourceObject: {fileID: 0}
  m_PrefabInstance: {fileID: 0}
  m_PrefabAsset: {fileID: 0}
  m_GameObject: {fileID: 4493534434143699654}
  m_LocalRotation: {x: 0.8193084, y: 0.56578285, z: -0.02233458, w: 0.09013736}
  m_LocalPosition: {x: -62.734695, y: 2.842171e-14, z: -1.7763568e-14}
  m_LocalScale: {x: 1, y: 1, z: 1}
  m_Children:
  - {fileID: 4493534434143280798}
  m_Father: {fileID: 4493534434143280842}
  m_RootOrder: 0
  m_LocalEulerAnglesHint: {x: 0, y: 0, z: 0}
--- !u!1 &4493534434143699656
GameObject:
  m_ObjectHideFlags: 0
  m_CorrespondingSourceObject: {fileID: 0}
  m_PrefabInstance: {fileID: 0}
  m_PrefabAsset: {fileID: 0}
  serializedVersion: 6
  m_Component:
  - component: {fileID: 4493534434143280872}
  m_Layer: 0
  m_Name: Foot_Right
  m_TagString: Untagged
  m_Icon: {fileID: 0}
  m_NavMeshLayer: 0
  m_StaticEditorFlags: 0
  m_IsActive: 1
--- !u!4 &4493534434143280872
Transform:
  m_ObjectHideFlags: 0
  m_CorrespondingSourceObject: {fileID: 0}
  m_PrefabInstance: {fileID: 0}
  m_PrefabAsset: {fileID: 0}
  m_GameObject: {fileID: 4493534434143699656}
  m_LocalRotation: {x: 0.81892335, y: 0.5656828, z: 0.024710972, w: -0.09357782}
  m_LocalPosition: {x: -62.73464, y: -9.769963e-15, z: 2.4868996e-14}
  m_LocalScale: {x: 1, y: 1, z: 1}
  m_Children:
  - {fileID: 4493534434143280768}
  m_Father: {fileID: 4493534434143280844}
  m_RootOrder: 0
  m_LocalEulerAnglesHint: {x: 0, y: 0, z: 0}
--- !u!1 &4493534434143699658
GameObject:
  m_ObjectHideFlags: 0
  m_CorrespondingSourceObject: {fileID: 0}
  m_PrefabInstance: {fileID: 0}
  m_PrefabAsset: {fileID: 0}
  serializedVersion: 6
  m_Component:
  - component: {fileID: 4493534434143280874}
  m_Layer: 0
  m_Name: Hand_Left
  m_TagString: Untagged
  m_Icon: {fileID: 0}
  m_NavMeshLayer: 0
  m_StaticEditorFlags: 0
  m_IsActive: 1
--- !u!4 &4493534434143280874
Transform:
  m_ObjectHideFlags: 0
  m_CorrespondingSourceObject: {fileID: 0}
  m_PrefabInstance: {fileID: 0}
  m_PrefabAsset: {fileID: 0}
  m_GameObject: {fileID: 4493534434143699658}
  m_LocalRotation: {x: 0.0005932963, y: -0.08528753, z: -0.006930911, w: 0.9963321}
  m_LocalPosition: {x: -37.441498, y: 8.526513e-14, z: 2.7533531e-14}
  m_LocalScale: {x: 1, y: 1, z: 1}
  m_Children:
  - {fileID: 4493534434143280832}
  - {fileID: 4493534434143280828}
  - {fileID: 4493534434143280794}
  m_Father: {fileID: 4493534434143280838}
  m_RootOrder: 0
  m_LocalEulerAnglesHint: {x: 0, y: 0, z: 0}
--- !u!1 &4493534434143699660
GameObject:
  m_ObjectHideFlags: 0
  m_CorrespondingSourceObject: {fileID: 0}
  m_PrefabInstance: {fileID: 0}
  m_PrefabAsset: {fileID: 0}
  serializedVersion: 6
  m_Component:
  - component: {fileID: 4493534434143280876}
  m_Layer: 0
  m_Name: Hand_Right
  m_TagString: Untagged
  m_Icon: {fileID: 0}
  m_NavMeshLayer: 0
  m_StaticEditorFlags: 0
  m_IsActive: 1
--- !u!4 &4493534434143280876
Transform:
  m_ObjectHideFlags: 0
  m_CorrespondingSourceObject: {fileID: 0}
  m_PrefabInstance: {fileID: 0}
  m_PrefabAsset: {fileID: 0}
  m_GameObject: {fileID: 4493534434143699660}
  m_LocalRotation: {x: -0.0005926622, y: 0.085287675, z: -0.0069382307, w: 0.99633205}
  m_LocalPosition: {x: -37.441414, y: 1.7053026e-13, z: -5.3290705e-15}
  m_LocalScale: {x: 1, y: 1, z: 1}
  m_Children:
  - {fileID: 4493534434143280834}
  - {fileID: 4493534434143280830}
  - {fileID: 4493534434143280796}
  m_Father: {fileID: 4493534434143280840}
  m_RootOrder: 0
  m_LocalEulerAnglesHint: {x: 0, y: 0, z: 0}
--- !u!1 &4493534434143699662
GameObject:
  m_ObjectHideFlags: 0
  m_CorrespondingSourceObject: {fileID: 0}
  m_PrefabInstance: {fileID: 0}
  m_PrefabAsset: {fileID: 0}
  serializedVersion: 6
  m_Component:
  - component: {fileID: 4493534434143280878}
  m_Layer: 0
  m_Name: Head
  m_TagString: Untagged
  m_Icon: {fileID: 0}
  m_NavMeshLayer: 0
  m_StaticEditorFlags: 0
  m_IsActive: 1
--- !u!4 &4493534434143280878
Transform:
  m_ObjectHideFlags: 0
  m_CorrespondingSourceObject: {fileID: 0}
  m_PrefabInstance: {fileID: 0}
  m_PrefabAsset: {fileID: 0}
  m_GameObject: {fileID: 4493534434143699662}
  m_LocalRotation: {x: 0.071218304, y: -0.028954746, z: -0.059960153, w: 0.99523586}
  m_LocalPosition: {x: -13.255574, y: -1.4210855e-14, z: 7.364747e-15}
  m_LocalScale: {x: 1, y: 1, z: 1}
  m_Children:
  - {fileID: 4493534434143280850}
  - {fileID: 4493534434143280852}
  m_Father: {fileID: 4493534434143280816}
  m_RootOrder: 0
  m_LocalEulerAnglesHint: {x: 0, y: 0, z: 0}
--- !u!1 &4493534434143699664
GameObject:
  m_ObjectHideFlags: 0
  m_CorrespondingSourceObject: {fileID: 0}
  m_PrefabInstance: {fileID: 0}
  m_PrefabAsset: {fileID: 0}
  serializedVersion: 6
  m_Component:
  - component: {fileID: 4493534434143280880}
  - component: {fileID: 4493534434155270096}
  m_Layer: 0
  m_Name: Arm1
  m_TagString: Untagged
  m_Icon: {fileID: 0}
  m_NavMeshLayer: 0
  m_StaticEditorFlags: 0
  m_IsActive: 1
--- !u!4 &4493534434143280880
Transform:
  m_ObjectHideFlags: 0
  m_CorrespondingSourceObject: {fileID: 0}
  m_PrefabInstance: {fileID: 0}
  m_PrefabAsset: {fileID: 0}
  m_GameObject: {fileID: 4493534434143699664}
  m_LocalRotation: {x: 0, y: -0, z: -0, w: 1}
  m_LocalPosition: {x: -0, y: -163.22968, z: -0.3527179}
  m_LocalScale: {x: 0.01, y: 0.01, z: 0.01}
  m_Children: []
  m_Father: {fileID: 4493534434143280818}
  m_RootOrder: 0
  m_LocalEulerAnglesHint: {x: 0, y: 0, z: 0}
--- !u!137 &4493534434155270096
SkinnedMeshRenderer:
  m_ObjectHideFlags: 0
  m_CorrespondingSourceObject: {fileID: 0}
  m_PrefabInstance: {fileID: 0}
  m_PrefabAsset: {fileID: 0}
  m_GameObject: {fileID: 4493534434143699664}
  m_Enabled: 1
  m_CastShadows: 1
  m_ReceiveShadows: 1
  m_DynamicOccludee: 1
  m_MotionVectors: 1
  m_LightProbeUsage: 1
  m_ReflectionProbeUsage: 1
  m_RayTracingMode: 3
  m_RayTraceProcedural: 0
  m_RenderingLayerMask: 1
  m_RendererPriority: 0
  m_Materials:
  - {fileID: 2100000, guid: 9d4df993be894774282a0b17d51a0723, type: 2}
  m_StaticBatchInfo:
    firstSubMesh: 0
    subMeshCount: 0
  m_StaticBatchRoot: {fileID: 0}
  m_ProbeAnchor: {fileID: 0}
  m_LightProbeVolumeOverride: {fileID: 0}
  m_ScaleInLightmap: 1
  m_ReceiveGI: 1
  m_PreserveUVs: 0
  m_IgnoreNormalsForChartDetection: 0
  m_ImportantGI: 0
  m_StitchLightmapSeams: 0
  m_SelectedEditorRenderState: 3
  m_MinimumChartSize: 4
  m_AutoUVMaxDistance: 0.5
  m_AutoUVMaxAngle: 89
  m_LightmapParameters: {fileID: 0}
  m_SortingLayerID: 0
  m_SortingLayer: 0
  m_SortingOrder: 0
  serializedVersion: 2
  m_Quality: 0
  m_UpdateWhenOffscreen: 0
  m_SkinnedMotionVectors: 1
  m_Mesh: {fileID: 4300006, guid: 5ae220fa0f79ffe41b0102a618febf5a, type: 3}
  m_Bones:
  - {fileID: 4493534434143280854}
  - {fileID: 4493534434143280784}
  - {fileID: 4493534434143280868}
  - {fileID: 4493534434143280816}
  - {fileID: 4493534434143280878}
  - {fileID: 4493534434143280850}
  - {fileID: 4493534434143280852}
  - {fileID: 4493534434143280800}
  - {fileID: 4493534434143280776}
  - {fileID: 4493534434143280838}
  - {fileID: 4493534434143280874}
  - {fileID: 4493534434143280828}
  - {fileID: 4493534434143280824}
  - {fileID: 4493534434143280820}
  - {fileID: 4493534434143280832}
  - {fileID: 4493534434143280860}
  - {fileID: 4493534434143280856}
  - {fileID: 4493534434143280794}
  - {fileID: 4493534434143280790}
  - {fileID: 4493534434143280786}
  - {fileID: 4493534434143280812}
  - {fileID: 4493534434143280808}
  - {fileID: 4493534434143280804}
  - {fileID: 4493534434143280802}
  - {fileID: 4493534434143280778}
  - {fileID: 4493534434143280840}
  - {fileID: 4493534434143280876}
  - {fileID: 4493534434143280830}
  - {fileID: 4493534434143280826}
  - {fileID: 4493534434143280822}
  - {fileID: 4493534434143280834}
  - {fileID: 4493534434143280862}
  - {fileID: 4493534434143280858}
  - {fileID: 4493534434143280796}
  - {fileID: 4493534434143280792}
  - {fileID: 4493534434143280788}
  - {fileID: 4493534434143280814}
  - {fileID: 4493534434143280810}
  - {fileID: 4493534434143280806}
  - {fileID: 4493534434143280894}
  - {fileID: 4493534434143280882}
  - {fileID: 4493534434143280886}
  - {fileID: 4493534434143280884}
  - {fileID: 4493534434143280780}
  - {fileID: 4493534434143280842}
  - {fileID: 4493534434143280870}
  - {fileID: 4493534434143280798}
  - {fileID: 4493534434143280770}
  - {fileID: 4493534434143280782}
  - {fileID: 4493534434143280844}
  - {fileID: 4493534434143280872}
  - {fileID: 4493534434143280768}
  - {fileID: 4493534434143280772}
  - {fileID: 4493534434143280890}
  - {fileID: 4493534434143280846}
  - {fileID: 4493534434143280774}
  - {fileID: 4493534434143280888}
  m_BlendShapeWeights: []
  m_RootBone: {fileID: 4493534434143280854}
  m_AABB:
    m_Center: {x: -58.594677, y: 13.632675, z: 0.00010681152}
    m_Extent: {x: 29.436275, y: 28.906914, z: 140.37485}
  m_DirtyAABB: 0
--- !u!1 &4493534434143699666
GameObject:
  m_ObjectHideFlags: 0
  m_CorrespondingSourceObject: {fileID: 0}
  m_PrefabInstance: {fileID: 0}
  m_PrefabAsset: {fileID: 0}
  serializedVersion: 6
  m_Component:
  - component: {fileID: 4493534434143280882}
  m_Layer: 0
  m_Name: ArmPlacement_Left
  m_TagString: Untagged
  m_Icon: {fileID: 0}
  m_NavMeshLayer: 0
  m_StaticEditorFlags: 0
  m_IsActive: 1
--- !u!4 &4493534434143280882
Transform:
  m_ObjectHideFlags: 0
  m_CorrespondingSourceObject: {fileID: 0}
  m_PrefabInstance: {fileID: 0}
  m_PrefabAsset: {fileID: 0}
  m_GameObject: {fileID: 4493534434143699666}
  m_LocalRotation: {x: -0.002378591, y: 0.08787313, z: 0.02695381, w: 0.99576414}
  m_LocalPosition: {x: -44.450283, y: 2.842171e-14, z: -2.1316282e-14}
  m_LocalScale: {x: 1, y: 1, z: 1}
  m_Children: []
  m_Father: {fileID: 4493534434143280894}
  m_RootOrder: 0
  m_LocalEulerAnglesHint: {x: 0, y: 0, z: 0}
--- !u!1 &4493534434143699668
GameObject:
  m_ObjectHideFlags: 0
  m_CorrespondingSourceObject: {fileID: 0}
  m_PrefabInstance: {fileID: 0}
  m_PrefabAsset: {fileID: 0}
  serializedVersion: 6
  m_Component:
  - component: {fileID: 4493534434143280884}
  m_Layer: 0
  m_Name: ArmPlacement_Right
  m_TagString: Untagged
  m_Icon: {fileID: 0}
  m_NavMeshLayer: 0
  m_StaticEditorFlags: 0
  m_IsActive: 1
--- !u!4 &4493534434143280884
Transform:
  m_ObjectHideFlags: 0
  m_CorrespondingSourceObject: {fileID: 0}
  m_PrefabInstance: {fileID: 0}
  m_PrefabAsset: {fileID: 0}
  m_GameObject: {fileID: 4493534434143699668}
  m_LocalRotation: {x: -0.02695381, y: 0.99576414, z: -0.0023785909, w: -0.08787313}
  m_LocalPosition: {x: 41.471436, y: 4.6548405, z: -15.306103}
  m_LocalScale: {x: 1, y: 1, z: 1}
  m_Children: []
  m_Father: {fileID: 4493534434143280894}
  m_RootOrder: 1
  m_LocalEulerAnglesHint: {x: 0, y: 0, z: 0}
--- !u!1 &4493534434143699670
GameObject:
  m_ObjectHideFlags: 0
  m_CorrespondingSourceObject: {fileID: 0}
  m_PrefabInstance: {fileID: 0}
  m_PrefabAsset: {fileID: 0}
  serializedVersion: 6
  m_Component:
  - component: {fileID: 4493534434143280886}
  m_Layer: 0
  m_Name: ArmPlacement_Upper
  m_TagString: Untagged
  m_Icon: {fileID: 0}
  m_NavMeshLayer: 0
  m_StaticEditorFlags: 0
  m_IsActive: 1
--- !u!4 &4493534434143280886
Transform:
  m_ObjectHideFlags: 0
  m_CorrespondingSourceObject: {fileID: 0}
  m_PrefabInstance: {fileID: 0}
  m_PrefabAsset: {fileID: 0}
  m_GameObject: {fileID: 4493534434143699670}
  m_LocalRotation: {x: -0.002378591, y: 0.08787313, z: 0.02695381, w: 0.99576414}
  m_LocalPosition: {x: -0.56803536, y: 46.34834, z: 10.906936}
  m_LocalScale: {x: 1, y: 1, z: 1}
  m_Children: []
  m_Father: {fileID: 4493534434143280894}
  m_RootOrder: 2
  m_LocalEulerAnglesHint: {x: 0, y: 0, z: 0}
--- !u!1 &4493534434143699672
GameObject:
  m_ObjectHideFlags: 0
  m_CorrespondingSourceObject: {fileID: 0}
  m_PrefabInstance: {fileID: 0}
  m_PrefabAsset: {fileID: 0}
  serializedVersion: 6
  m_Component:
  - component: {fileID: 4493534434143280888}
  m_Layer: 0
  m_Name: ArmPosition_Left
  m_TagString: Untagged
  m_Icon: {fileID: 0}
  m_NavMeshLayer: 0
  m_StaticEditorFlags: 0
  m_IsActive: 1
--- !u!4 &4493534434143280888
Transform:
  m_ObjectHideFlags: 0
  m_CorrespondingSourceObject: {fileID: 0}
  m_PrefabInstance: {fileID: 0}
  m_PrefabAsset: {fileID: 0}
  m_GameObject: {fileID: 4493534434143699672}
  m_LocalRotation: {x: 0.0073521743, y: 0.002535718, z: 0.88095385, w: 0.47313833}
  m_LocalPosition: {x: -2.423428, y: -55.614994, z: -120.53}
  m_LocalScale: {x: 1, y: 1, z: 1}
  m_Children: []
  m_Father: {fileID: 4493534434143280854}
  m_RootOrder: 0
  m_LocalEulerAnglesHint: {x: 0, y: 0, z: 0}
--- !u!1 &4493534434143699674
GameObject:
  m_ObjectHideFlags: 0
  m_CorrespondingSourceObject: {fileID: 0}
  m_PrefabInstance: {fileID: 0}
  m_PrefabAsset: {fileID: 0}
  serializedVersion: 6
  m_Component:
  - component: {fileID: 4493534434143280890}
  m_Layer: 0
  m_Name: ArmPosition_Right
  m_TagString: Untagged
  m_Icon: {fileID: 0}
  m_NavMeshLayer: 0
  m_StaticEditorFlags: 0
  m_IsActive: 1
--- !u!4 &4493534434143280890
Transform:
  m_ObjectHideFlags: 0
  m_CorrespondingSourceObject: {fileID: 0}
  m_PrefabInstance: {fileID: 0}
  m_PrefabAsset: {fileID: 0}
  m_GameObject: {fileID: 4493534434143699674}
  m_LocalRotation: {x: 0.0025357183, y: -0.0073521743, z: -0.47313836, w: 0.88095385}
  m_LocalPosition: {x: -2.423428, y: -55.614994, z: 120.53}
  m_LocalScale: {x: 1, y: 1, z: 1}
  m_Children:
  - {fileID: 4493534434143280846}
  - {fileID: 4493534434143280774}
  m_Father: {fileID: 4493534434143280854}
  m_RootOrder: 1
  m_LocalEulerAnglesHint: {x: 0, y: 0, z: 0}
--- !u!1 &4493534434143699676
GameObject:
  m_ObjectHideFlags: 0
  m_CorrespondingSourceObject: {fileID: 0}
  m_PrefabInstance: {fileID: 0}
  m_PrefabAsset: {fileID: 0}
  serializedVersion: 6
  m_Component:
  - component: {fileID: 4493534434143280892}
  - component: {fileID: 4493534434155270098}
  m_Layer: 0
  m_Name: AssaultRifle
  m_TagString: Untagged
  m_Icon: {fileID: 0}
  m_NavMeshLayer: 0
  m_StaticEditorFlags: 0
  m_IsActive: 1
--- !u!4 &4493534434143280892
Transform:
  m_ObjectHideFlags: 0
  m_CorrespondingSourceObject: {fileID: 0}
  m_PrefabInstance: {fileID: 0}
  m_PrefabAsset: {fileID: 0}
  m_GameObject: {fileID: 4493534434143699676}
  m_LocalRotation: {x: 0, y: -0, z: -0, w: 1}
  m_LocalPosition: {x: -118.131454, y: -98.01, z: -57.969975}
  m_LocalScale: {x: 0.01, y: 0.01, z: 0.01}
  m_Children: []
  m_Father: {fileID: 4493534434143280818}
  m_RootOrder: 1
  m_LocalEulerAnglesHint: {x: 0, y: 0, z: 0}
--- !u!137 &4493534434155270098
SkinnedMeshRenderer:
  m_ObjectHideFlags: 0
  m_CorrespondingSourceObject: {fileID: 0}
  m_PrefabInstance: {fileID: 0}
  m_PrefabAsset: {fileID: 0}
  m_GameObject: {fileID: 4493534434143699676}
  m_Enabled: 1
  m_CastShadows: 1
  m_ReceiveShadows: 1
  m_DynamicOccludee: 1
  m_MotionVectors: 1
  m_LightProbeUsage: 1
  m_ReflectionProbeUsage: 1
  m_RayTracingMode: 3
  m_RayTraceProcedural: 0
  m_RenderingLayerMask: 1
  m_RendererPriority: 0
  m_Materials:
  - {fileID: 2100000, guid: 9d4df993be894774282a0b17d51a0723, type: 2}
  m_StaticBatchInfo:
    firstSubMesh: 0
    subMeshCount: 0
  m_StaticBatchRoot: {fileID: 0}
  m_ProbeAnchor: {fileID: 0}
  m_LightProbeVolumeOverride: {fileID: 0}
  m_ScaleInLightmap: 1
  m_ReceiveGI: 1
  m_PreserveUVs: 0
  m_IgnoreNormalsForChartDetection: 0
  m_ImportantGI: 0
  m_StitchLightmapSeams: 0
  m_SelectedEditorRenderState: 3
  m_MinimumChartSize: 4
  m_AutoUVMaxDistance: 0.5
  m_AutoUVMaxAngle: 89
  m_LightmapParameters: {fileID: 0}
  m_SortingLayerID: 0
  m_SortingLayer: 0
  m_SortingOrder: 0
  serializedVersion: 2
  m_Quality: 0
  m_UpdateWhenOffscreen: 0
  m_SkinnedMotionVectors: 1
  m_Mesh: {fileID: 4300010, guid: 5ae220fa0f79ffe41b0102a618febf5a, type: 3}
  m_Bones:
  - {fileID: 4493534434143280854}
  - {fileID: 4493534434143280784}
  - {fileID: 4493534434143280868}
  - {fileID: 4493534434143280816}
  - {fileID: 4493534434143280878}
  - {fileID: 4493534434143280850}
  - {fileID: 4493534434143280852}
  - {fileID: 4493534434143280800}
  - {fileID: 4493534434143280776}
  - {fileID: 4493534434143280838}
  - {fileID: 4493534434143280874}
  - {fileID: 4493534434143280828}
  - {fileID: 4493534434143280824}
  - {fileID: 4493534434143280820}
  - {fileID: 4493534434143280832}
  - {fileID: 4493534434143280860}
  - {fileID: 4493534434143280856}
  - {fileID: 4493534434143280794}
  - {fileID: 4493534434143280790}
  - {fileID: 4493534434143280786}
  - {fileID: 4493534434143280812}
  - {fileID: 4493534434143280808}
  - {fileID: 4493534434143280804}
  - {fileID: 4493534434143280802}
  - {fileID: 4493534434143280778}
  - {fileID: 4493534434143280840}
  - {fileID: 4493534434143280876}
  - {fileID: 4493534434143280830}
  - {fileID: 4493534434143280826}
  - {fileID: 4493534434143280822}
  - {fileID: 4493534434143280834}
  - {fileID: 4493534434143280862}
  - {fileID: 4493534434143280858}
  - {fileID: 4493534434143280796}
  - {fileID: 4493534434143280792}
  - {fileID: 4493534434143280788}
  - {fileID: 4493534434143280814}
  - {fileID: 4493534434143280810}
  - {fileID: 4493534434143280806}
  - {fileID: 4493534434143280894}
  - {fileID: 4493534434143280882}
  - {fileID: 4493534434143280886}
  - {fileID: 4493534434143280884}
  - {fileID: 4493534434143280780}
  - {fileID: 4493534434143280842}
  - {fileID: 4493534434143280870}
  - {fileID: 4493534434143280798}
  - {fileID: 4493534434143280770}
  - {fileID: 4493534434143280782}
  - {fileID: 4493534434143280844}
  - {fileID: 4493534434143280872}
  - {fileID: 4493534434143280768}
  - {fileID: 4493534434143280772}
  - {fileID: 4493534434143280890}
  - {fileID: 4493534434143280846}
  - {fileID: 4493534434143280774}
  - {fileID: 4493534434143280888}
  m_BlendShapeWeights: []
  m_RootBone: {fileID: 4493534434143280854}
  m_AABB:
    m_Center: {x: -34.27955, y: -49.079704, z: 120.48372}
    m_Extent: {x: 95.48148, y: 94.6697, z: 10.629513}
  m_DirtyAABB: 0
--- !u!1 &4493534434143699678
GameObject:
  m_ObjectHideFlags: 0
  m_CorrespondingSourceObject: {fileID: 0}
  m_PrefabInstance: {fileID: 0}
  m_PrefabAsset: {fileID: 0}
  serializedVersion: 6
  m_Component:
  - component: {fileID: 4493534434143280894}
  m_Layer: 0
  m_Name: BackPack
  m_TagString: Untagged
  m_Icon: {fileID: 0}
  m_NavMeshLayer: 0
  m_StaticEditorFlags: 0
  m_IsActive: 1
--- !u!4 &4493534434143280894
Transform:
  m_ObjectHideFlags: 0
  m_CorrespondingSourceObject: {fileID: 0}
  m_PrefabInstance: {fileID: 0}
  m_PrefabAsset: {fileID: 0}
  m_GameObject: {fileID: 4493534434143699678}
  m_LocalRotation: {x: -0.3617453, y: 0.5306367, z: 0.3968756, w: 0.6557856}
  m_LocalPosition: {x: -10.219411, y: -38.523506, z: 0.00000010329652}
  m_LocalScale: {x: 1, y: 1, z: 1}
  m_Children:
  - {fileID: 4493534434143280882}
  - {fileID: 4493534434143280884}
  - {fileID: 4493534434143280886}
  m_Father: {fileID: 4493534434143280868}
  m_RootOrder: 0
  m_LocalEulerAnglesHint: {x: 0, y: 0, z: 0}
--- !u!1 &4493534434143699808
GameObject:
  m_ObjectHideFlags: 0
  m_CorrespondingSourceObject: {fileID: 0}
  m_PrefabInstance: {fileID: 0}
  m_PrefabAsset: {fileID: 0}
  serializedVersion: 6
  m_Component:
  - component: {fileID: 4493534434143280768}
  m_Layer: 0
  m_Name: Toe_Right
  m_TagString: Untagged
  m_Icon: {fileID: 0}
  m_NavMeshLayer: 0
  m_StaticEditorFlags: 0
  m_IsActive: 1
--- !u!4 &4493534434143280768
Transform:
  m_ObjectHideFlags: 0
  m_CorrespondingSourceObject: {fileID: 0}
  m_PrefabInstance: {fileID: 0}
  m_PrefabAsset: {fileID: 0}
  m_GameObject: {fileID: 4493534434143699808}
  m_LocalRotation: {x: -0.0013655907, y: -0.005181019, z: -0.24785995, w: 0.9687811}
  m_LocalPosition: {x: -13.771146, y: 2.1316282e-14, z: 1.0658141e-14}
  m_LocalScale: {x: 1, y: 1, z: 1}
  m_Children:
  - {fileID: 4493534434143280772}
  m_Father: {fileID: 4493534434143280872}
  m_RootOrder: 0
  m_LocalEulerAnglesHint: {x: 0, y: 0, z: 0}
--- !u!1 &4493534434143699810
GameObject:
  m_ObjectHideFlags: 0
  m_CorrespondingSourceObject: {fileID: 0}
  m_PrefabInstance: {fileID: 0}
  m_PrefabAsset: {fileID: 0}
  serializedVersion: 6
  m_Component:
  - component: {fileID: 4493534434143280770}
  m_Layer: 0
  m_Name: Toetip_Left
  m_TagString: Untagged
  m_Icon: {fileID: 0}
  m_NavMeshLayer: 0
  m_StaticEditorFlags: 0
  m_IsActive: 1
--- !u!4 &4493534434143280770
Transform:
  m_ObjectHideFlags: 0
  m_CorrespondingSourceObject: {fileID: 0}
  m_PrefabInstance: {fileID: 0}
  m_PrefabAsset: {fileID: 0}
  m_GameObject: {fileID: 4493534434143699810}
  m_LocalRotation: {x: 0.00016529544, y: -0.016936114, z: -0.0047631934, w: 0.99984527}
  m_LocalPosition: {x: -17.883871, y: 3.5527137e-15, z: 2.1316282e-14}
  m_LocalScale: {x: 1, y: 1, z: 1}
  m_Children: []
  m_Father: {fileID: 4493534434143280798}
  m_RootOrder: 0
  m_LocalEulerAnglesHint: {x: 0, y: 0, z: 0}
--- !u!1 &4493534434143699812
GameObject:
  m_ObjectHideFlags: 0
  m_CorrespondingSourceObject: {fileID: 0}
  m_PrefabInstance: {fileID: 0}
  m_PrefabAsset: {fileID: 0}
  serializedVersion: 6
  m_Component:
  - component: {fileID: 4493534434143280772}
  m_Layer: 0
  m_Name: Toetip_Right
  m_TagString: Untagged
  m_Icon: {fileID: 0}
  m_NavMeshLayer: 0
  m_StaticEditorFlags: 0
  m_IsActive: 1
--- !u!4 &4493534434143280772
Transform:
  m_ObjectHideFlags: 0
  m_CorrespondingSourceObject: {fileID: 0}
  m_PrefabInstance: {fileID: 0}
  m_PrefabAsset: {fileID: 0}
  m_GameObject: {fileID: 4493534434143699812}
  m_LocalRotation: {x: -0.00028878966, y: 0.016934738, z: -0.012053749, w: 0.99978393}
  m_LocalPosition: {x: -17.883856, y: -2.6645353e-15, z: -1.4210855e-14}
  m_LocalScale: {x: 1, y: 1, z: 1}
  m_Children: []
  m_Father: {fileID: 4493534434143280768}
  m_RootOrder: 0
  m_LocalEulerAnglesHint: {x: 0, y: 0, z: 0}
--- !u!1 &4493534434143699814
GameObject:
  m_ObjectHideFlags: 0
  m_CorrespondingSourceObject: {fileID: 0}
  m_PrefabInstance: {fileID: 0}
  m_PrefabAsset: {fileID: 0}
  serializedVersion: 6
  m_Component:
  - component: {fileID: 4493534434143280774}
  m_Layer: 0
  m_Name: Trigger_Right
  m_TagString: Untagged
  m_Icon: {fileID: 0}
  m_NavMeshLayer: 0
  m_StaticEditorFlags: 0
  m_IsActive: 1
--- !u!4 &4493534434143280774
Transform:
  m_ObjectHideFlags: 0
  m_CorrespondingSourceObject: {fileID: 0}
  m_PrefabInstance: {fileID: 0}
  m_PrefabAsset: {fileID: 0}
  m_GameObject: {fileID: 4493534434143699814}
  m_LocalRotation: {x: -0.0031178175, y: 0.0071248533, z: 0.40088162, w: 0.91609687}
  m_LocalPosition: {x: -9.913989, y: -10.731702, z: 9.284221}
  m_LocalScale: {x: 1, y: 1, z: 1}
  m_Children: []
  m_Father: {fileID: 4493534434143280890}
  m_RootOrder: 1
  m_LocalEulerAnglesHint: {x: 0, y: 0, z: 0}
--- !u!1 &4493534434143699816
GameObject:
  m_ObjectHideFlags: 0
  m_CorrespondingSourceObject: {fileID: 0}
  m_PrefabInstance: {fileID: 0}
  m_PrefabAsset: {fileID: 0}
  serializedVersion: 6
  m_Component:
  - component: {fileID: 4493534434143280776}
  m_Layer: 0
  m_Name: UpperArm_Left
  m_TagString: Untagged
  m_Icon: {fileID: 0}
  m_NavMeshLayer: 0
  m_StaticEditorFlags: 0
  m_IsActive: 1
--- !u!4 &4493534434143280776
Transform:
  m_ObjectHideFlags: 0
  m_CorrespondingSourceObject: {fileID: 0}
  m_PrefabInstance: {fileID: 0}
  m_PrefabAsset: {fileID: 0}
  m_GameObject: {fileID: 4493534434143699816}
  m_LocalRotation: {x: -0.029700447, y: -0.15896967, z: -0.18123563, w: 0.97005165}
  m_LocalPosition: {x: -15.111847, y: 0, z: -3.7303494e-14}
  m_LocalScale: {x: 1, y: 1, z: 1}
  m_Children:
  - {fileID: 4493534434143280838}
  m_Father: {fileID: 4493534434143280800}
  m_RootOrder: 1
  m_LocalEulerAnglesHint: {x: 0, y: 0, z: 0}
--- !u!1 &4493534434143699818
GameObject:
  m_ObjectHideFlags: 0
  m_CorrespondingSourceObject: {fileID: 0}
  m_PrefabInstance: {fileID: 0}
  m_PrefabAsset: {fileID: 0}
  serializedVersion: 6
  m_Component:
  - component: {fileID: 4493534434143280778}
  m_Layer: 0
  m_Name: UpperArm_Right
  m_TagString: Untagged
  m_Icon: {fileID: 0}
  m_NavMeshLayer: 0
  m_StaticEditorFlags: 0
  m_IsActive: 1
--- !u!4 &4493534434143280778
Transform:
  m_ObjectHideFlags: 0
  m_CorrespondingSourceObject: {fileID: 0}
  m_PrefabInstance: {fileID: 0}
  m_PrefabAsset: {fileID: 0}
  m_GameObject: {fileID: 4493534434143699818}
  m_LocalRotation: {x: 0.029697837, y: 0.15896995, z: -0.18122736, w: 0.97005326}
  m_LocalPosition: {x: -15.111769, y: 0, z: -3.1974423e-14}
  m_LocalScale: {x: 1, y: 1, z: 1}
  m_Children:
  - {fileID: 4493534434143280840}
  m_Father: {fileID: 4493534434143280802}
  m_RootOrder: 1
  m_LocalEulerAnglesHint: {x: 0, y: 0, z: 0}
--- !u!1 &4493534434143699820
GameObject:
  m_ObjectHideFlags: 0
  m_CorrespondingSourceObject: {fileID: 0}
  m_PrefabInstance: {fileID: 0}
  m_PrefabAsset: {fileID: 0}
  serializedVersion: 6
  m_Component:
  - component: {fileID: 4493534434143280780}
  m_Layer: 0
  m_Name: UpperLeg_Left
  m_TagString: Untagged
  m_Icon: {fileID: 0}
  m_NavMeshLayer: 0
  m_StaticEditorFlags: 0
  m_IsActive: 1
--- !u!4 &4493534434143280780
Transform:
  m_ObjectHideFlags: 0
  m_CorrespondingSourceObject: {fileID: 0}
  m_PrefabInstance: {fileID: 0}
  m_PrefabAsset: {fileID: 0}
  m_GameObject: {fileID: 4493534434143699820}
  m_LocalRotation: {x: -0.030611672, y: -0.6954005, z: 0.7139541, w: 0.07583354}
  m_LocalPosition: {x: 0.08523814, y: 0.40205857, z: -18.864191}
  m_LocalScale: {x: 1, y: 1, z: 1}
  m_Children:
  - {fileID: 4493534434143280842}
  m_Father: {fileID: 4493534434143280854}
  m_RootOrder: 3
  m_LocalEulerAnglesHint: {x: 0, y: 0, z: 0}
--- !u!1 &4493534434143699822
GameObject:
  m_ObjectHideFlags: 0
  m_CorrespondingSourceObject: {fileID: 0}
  m_PrefabInstance: {fileID: 0}
  m_PrefabAsset: {fileID: 0}
  serializedVersion: 6
  m_Component:
  - component: {fileID: 4493534434143280782}
  m_Layer: 0
  m_Name: UpperLeg_Right
  m_TagString: Untagged
  m_Icon: {fileID: 0}
  m_NavMeshLayer: 0
  m_StaticEditorFlags: 0
  m_IsActive: 1
--- !u!4 &4493534434143280782
Transform:
  m_ObjectHideFlags: 0
  m_CorrespondingSourceObject: {fileID: 0}
  m_PrefabInstance: {fileID: 0}
  m_PrefabAsset: {fileID: 0}
  m_GameObject: {fileID: 4493534434143699822}
  m_LocalRotation: {x: 0.03061261, y: 0.6954094, z: 0.7139454, w: 0.07583304}
  m_LocalPosition: {x: 0.084786385, y: 0.40212917, z: 18.8642}
  m_LocalScale: {x: 1, y: 1, z: 1}
  m_Children:
  - {fileID: 4493534434143280844}
  m_Father: {fileID: 4493534434143280854}
  m_RootOrder: 4
  m_LocalEulerAnglesHint: {x: 0, y: 0, z: 0}
--- !u!1 &4493534434143699824
GameObject:
  m_ObjectHideFlags: 0
  m_CorrespondingSourceObject: {fileID: 0}
  m_PrefabInstance: {fileID: 0}
  m_PrefabAsset: {fileID: 0}
  serializedVersion: 6
  m_Component:
  - component: {fileID: 4493534434143280784}
  m_Layer: 0
  m_Name: Spine
  m_TagString: Untagged
  m_Icon: {fileID: 0}
  m_NavMeshLayer: 0
  m_StaticEditorFlags: 0
  m_IsActive: 1
--- !u!4 &4493534434143280784
Transform:
  m_ObjectHideFlags: 0
  m_CorrespondingSourceObject: {fileID: 0}
  m_PrefabInstance: {fileID: 0}
  m_PrefabAsset: {fileID: 0}
  m_GameObject: {fileID: 4493534434143699824}
  m_LocalRotation: {x: 0.99452215, y: -0.104526356, z: -7.7878193e-10, w: 0.0000000074097675}
  m_LocalPosition: {x: -21.090727, y: -8.881784e-15, z: -4.4013775e-16}
  m_LocalScale: {x: 1, y: 1, z: 1}
  m_Children:
  - {fileID: 4493534434143280868}
  m_Father: {fileID: 4493534434143280854}
  m_RootOrder: 2
  m_LocalEulerAnglesHint: {x: 0, y: 0, z: 0}
--- !u!1 &4493534434143699826
GameObject:
  m_ObjectHideFlags: 0
  m_CorrespondingSourceObject: {fileID: 0}
  m_PrefabInstance: {fileID: 0}
  m_PrefabAsset: {fileID: 0}
  serializedVersion: 6
  m_Component:
  - component: {fileID: 4493534434143280786}
  m_Layer: 0
  m_Name: Thumb_Distal_Left
  m_TagString: Untagged
  m_Icon: {fileID: 0}
  m_NavMeshLayer: 0
  m_StaticEditorFlags: 0
  m_IsActive: 1
--- !u!4 &4493534434143280786
Transform:
  m_ObjectHideFlags: 0
  m_CorrespondingSourceObject: {fileID: 0}
  m_PrefabInstance: {fileID: 0}
  m_PrefabAsset: {fileID: 0}
  m_GameObject: {fileID: 4493534434143699826}
  m_LocalRotation: {x: -0.017883137, y: -0.03974522, z: -0.025908269, w: 0.99871385}
  m_LocalPosition: {x: -8.816608, y: 0, z: 1.4210855e-14}
  m_LocalScale: {x: 1, y: 1, z: 1}
  m_Children: []
  m_Father: {fileID: 4493534434143280790}
  m_RootOrder: 0
  m_LocalEulerAnglesHint: {x: 0, y: 0, z: 0}
--- !u!1 &4493534434143699828
GameObject:
  m_ObjectHideFlags: 0
  m_CorrespondingSourceObject: {fileID: 0}
  m_PrefabInstance: {fileID: 0}
  m_PrefabAsset: {fileID: 0}
  serializedVersion: 6
  m_Component:
  - component: {fileID: 4493534434143280788}
  m_Layer: 0
  m_Name: Thumb_Distal_Right
  m_TagString: Untagged
  m_Icon: {fileID: 0}
  m_NavMeshLayer: 0
  m_StaticEditorFlags: 0
  m_IsActive: 1
--- !u!4 &4493534434143280788
Transform:
  m_ObjectHideFlags: 0
  m_CorrespondingSourceObject: {fileID: 0}
  m_PrefabInstance: {fileID: 0}
  m_PrefabAsset: {fileID: 0}
  m_GameObject: {fileID: 4493534434143699828}
  m_LocalRotation: {x: 0.0017341404, y: 0.008320127, z: -0.005799853, w: 0.9999471}
  m_LocalPosition: {x: -8.816269, y: 0, z: -1.4210855e-14}
  m_LocalScale: {x: 1, y: 1, z: 1}
  m_Children: []
  m_Father: {fileID: 4493534434143280792}
  m_RootOrder: 0
  m_LocalEulerAnglesHint: {x: 0, y: 0, z: 0}
--- !u!1 &4493534434143699830
GameObject:
  m_ObjectHideFlags: 0
  m_CorrespondingSourceObject: {fileID: 0}
  m_PrefabInstance: {fileID: 0}
  m_PrefabAsset: {fileID: 0}
  serializedVersion: 6
  m_Component:
  - component: {fileID: 4493534434143280790}
  m_Layer: 0
  m_Name: Thumb_Intermediate_Left
  m_TagString: Untagged
  m_Icon: {fileID: 0}
  m_NavMeshLayer: 0
  m_StaticEditorFlags: 0
  m_IsActive: 1
--- !u!4 &4493534434143280790
Transform:
  m_ObjectHideFlags: 0
  m_CorrespondingSourceObject: {fileID: 0}
  m_PrefabInstance: {fileID: 0}
  m_PrefabAsset: {fileID: 0}
  m_GameObject: {fileID: 4493534434143699830}
  m_LocalRotation: {x: -0.04900198, y: -0.13549508, z: 0.10049181, w: 0.98444974}
  m_LocalPosition: {x: -9.835772, y: -1.1368684e-13, z: -2.842171e-14}
  m_LocalScale: {x: 1, y: 1, z: 1}
  m_Children:
  - {fileID: 4493534434143280786}
  m_Father: {fileID: 4493534434143280794}
  m_RootOrder: 0
  m_LocalEulerAnglesHint: {x: 0, y: 0, z: 0}
--- !u!1 &4493534434143699832
GameObject:
  m_ObjectHideFlags: 0
  m_CorrespondingSourceObject: {fileID: 0}
  m_PrefabInstance: {fileID: 0}
  m_PrefabAsset: {fileID: 0}
  serializedVersion: 6
  m_Component:
  - component: {fileID: 4493534434143280792}
  m_Layer: 0
  m_Name: Thumb_Intermediate_Right
  m_TagString: Untagged
  m_Icon: {fileID: 0}
  m_NavMeshLayer: 0
  m_StaticEditorFlags: 0
  m_IsActive: 1
--- !u!4 &4493534434143280792
Transform:
  m_ObjectHideFlags: 0
  m_CorrespondingSourceObject: {fileID: 0}
  m_PrefabInstance: {fileID: 0}
  m_PrefabAsset: {fileID: 0}
  m_GameObject: {fileID: 4493534434143699832}
  m_LocalRotation: {x: 0.048999686, y: 0.1354733, z: 0.1004816, w: 0.9844539}
  m_LocalPosition: {x: -9.836, y: -5.684342e-14, z: -5.684342e-14}
  m_LocalScale: {x: 1, y: 1, z: 1}
  m_Children:
  - {fileID: 4493534434143280788}
  m_Father: {fileID: 4493534434143280796}
  m_RootOrder: 0
  m_LocalEulerAnglesHint: {x: 0, y: 0, z: 0}
--- !u!1 &4493534434143699834
GameObject:
  m_ObjectHideFlags: 0
  m_CorrespondingSourceObject: {fileID: 0}
  m_PrefabInstance: {fileID: 0}
  m_PrefabAsset: {fileID: 0}
  serializedVersion: 6
  m_Component:
  - component: {fileID: 4493534434143280794}
  m_Layer: 0
  m_Name: Thumb_Proximal_Left
  m_TagString: Untagged
  m_Icon: {fileID: 0}
  m_NavMeshLayer: 0
  m_StaticEditorFlags: 0
  m_IsActive: 1
--- !u!4 &4493534434143280794
Transform:
  m_ObjectHideFlags: 0
  m_CorrespondingSourceObject: {fileID: 0}
  m_PrefabInstance: {fileID: 0}
  m_PrefabAsset: {fileID: 0}
  m_GameObject: {fileID: 4493534434143699834}
  m_LocalRotation: {x: 0.057522308, y: 0.49499637, z: 0.112048574, w: 0.8597179}
  m_LocalPosition: {x: -0.2922163, y: -0.5636321, z: 12.295864}
  m_LocalScale: {x: 1, y: 1, z: 1}
  m_Children:
  - {fileID: 4493534434143280790}
  m_Father: {fileID: 4493534434143280874}
  m_RootOrder: 2
  m_LocalEulerAnglesHint: {x: 0, y: 0, z: 0}
--- !u!1 &4493534434143699836
GameObject:
  m_ObjectHideFlags: 0
  m_CorrespondingSourceObject: {fileID: 0}
  m_PrefabInstance: {fileID: 0}
  m_PrefabAsset: {fileID: 0}
  serializedVersion: 6
  m_Component:
  - component: {fileID: 4493534434143280796}
  m_Layer: 0
  m_Name: Thumb_Proximal_Right
  m_TagString: Untagged
  m_Icon: {fileID: 0}
  m_NavMeshLayer: 0
  m_StaticEditorFlags: 0
  m_IsActive: 1
--- !u!4 &4493534434143280796
Transform:
  m_ObjectHideFlags: 0
  m_CorrespondingSourceObject: {fileID: 0}
  m_PrefabInstance: {fileID: 0}
  m_PrefabAsset: {fileID: 0}
  m_GameObject: {fileID: 4493534434143699836}
  m_LocalRotation: {x: -0.057529792, y: -0.49499094, z: 0.11207554, w: 0.859717}
  m_LocalPosition: {x: -0.29218963, y: -0.56312394, z: -12.29586}
  m_LocalScale: {x: 1, y: 1, z: 1}
  m_Children:
  - {fileID: 4493534434143280792}
  m_Father: {fileID: 4493534434143280876}
  m_RootOrder: 2
  m_LocalEulerAnglesHint: {x: 0, y: 0, z: 0}
--- !u!1 &4493534434143699838
GameObject:
  m_ObjectHideFlags: 0
  m_CorrespondingSourceObject: {fileID: 0}
  m_PrefabInstance: {fileID: 0}
  m_PrefabAsset: {fileID: 0}
  serializedVersion: 6
  m_Component:
  - component: {fileID: 4493534434143280798}
  m_Layer: 0
  m_Name: Toe_Left
  m_TagString: Untagged
  m_Icon: {fileID: 0}
  m_NavMeshLayer: 0
  m_StaticEditorFlags: 0
  m_IsActive: 1
--- !u!4 &4493534434143280798
Transform:
  m_ObjectHideFlags: 0
  m_CorrespondingSourceObject: {fileID: 0}
  m_PrefabInstance: {fileID: 0}
  m_PrefabAsset: {fileID: 0}
  m_GameObject: {fileID: 4493534434143699838}
  m_LocalRotation: {x: 0.0013659683, y: 0.0051824837, z: -0.24785845, w: 0.9687815}
  m_LocalPosition: {x: -13.771131, y: 1.9539925e-14, z: -1.0658141e-14}
  m_LocalScale: {x: 1, y: 1, z: 1}
  m_Children:
  - {fileID: 4493534434143280770}
  m_Father: {fileID: 4493534434143280870}
  m_RootOrder: 0
  m_LocalEulerAnglesHint: {x: 0, y: 0, z: 0}
--- !u!1001 &2114688509336866053
PrefabInstance:
  m_ObjectHideFlags: 0
  serializedVersion: 2
  m_Modification:
    m_TransformParent: {fileID: 1803310069692571520}
    m_Modifications:
    - target: {fileID: 6828115078551997194, guid: 59f8c9624bb811b4ab0a4ba5d2424cf0, type: 3}
      propertyPath: m_AnchorMax.x
      value: 0
      objectReference: {fileID: 0}
    - target: {fileID: 6828115078551997194, guid: 59f8c9624bb811b4ab0a4ba5d2424cf0, type: 3}
      propertyPath: m_AnchorMax.y
      value: 0
      objectReference: {fileID: 0}
    - target: {fileID: 6828115079027796764, guid: 59f8c9624bb811b4ab0a4ba5d2424cf0, type: 3}
      propertyPath: m_Pivot.x
      value: 0.5
      objectReference: {fileID: 0}
    - target: {fileID: 6828115079027796764, guid: 59f8c9624bb811b4ab0a4ba5d2424cf0, type: 3}
      propertyPath: m_Pivot.y
      value: 0.5
      objectReference: {fileID: 0}
    - target: {fileID: 6828115079027796764, guid: 59f8c9624bb811b4ab0a4ba5d2424cf0, type: 3}
      propertyPath: m_RootOrder
      value: 0
      objectReference: {fileID: 0}
    - target: {fileID: 6828115079027796764, guid: 59f8c9624bb811b4ab0a4ba5d2424cf0, type: 3}
      propertyPath: m_AnchorMax.x
      value: 0
      objectReference: {fileID: 0}
    - target: {fileID: 6828115079027796764, guid: 59f8c9624bb811b4ab0a4ba5d2424cf0, type: 3}
      propertyPath: m_AnchorMax.y
      value: 1
      objectReference: {fileID: 0}
    - target: {fileID: 6828115079027796764, guid: 59f8c9624bb811b4ab0a4ba5d2424cf0, type: 3}
      propertyPath: m_AnchorMin.x
      value: 0
      objectReference: {fileID: 0}
    - target: {fileID: 6828115079027796764, guid: 59f8c9624bb811b4ab0a4ba5d2424cf0, type: 3}
      propertyPath: m_AnchorMin.y
      value: 1
      objectReference: {fileID: 0}
    - target: {fileID: 6828115079027796764, guid: 59f8c9624bb811b4ab0a4ba5d2424cf0, type: 3}
      propertyPath: m_SizeDelta.x
      value: 400
      objectReference: {fileID: 0}
    - target: {fileID: 6828115079027796764, guid: 59f8c9624bb811b4ab0a4ba5d2424cf0, type: 3}
      propertyPath: m_SizeDelta.y
      value: 90
      objectReference: {fileID: 0}
    - target: {fileID: 6828115079027796764, guid: 59f8c9624bb811b4ab0a4ba5d2424cf0, type: 3}
      propertyPath: m_LocalPosition.x
      value: 0
      objectReference: {fileID: 0}
    - target: {fileID: 6828115079027796764, guid: 59f8c9624bb811b4ab0a4ba5d2424cf0, type: 3}
      propertyPath: m_LocalPosition.y
      value: 0
      objectReference: {fileID: 0}
    - target: {fileID: 6828115079027796764, guid: 59f8c9624bb811b4ab0a4ba5d2424cf0, type: 3}
      propertyPath: m_LocalPosition.z
      value: 0
      objectReference: {fileID: 0}
    - target: {fileID: 6828115079027796764, guid: 59f8c9624bb811b4ab0a4ba5d2424cf0, type: 3}
      propertyPath: m_LocalRotation.w
      value: 1
      objectReference: {fileID: 0}
    - target: {fileID: 6828115079027796764, guid: 59f8c9624bb811b4ab0a4ba5d2424cf0, type: 3}
      propertyPath: m_LocalRotation.x
      value: 0
      objectReference: {fileID: 0}
    - target: {fileID: 6828115079027796764, guid: 59f8c9624bb811b4ab0a4ba5d2424cf0, type: 3}
      propertyPath: m_LocalRotation.y
      value: 0
      objectReference: {fileID: 0}
    - target: {fileID: 6828115079027796764, guid: 59f8c9624bb811b4ab0a4ba5d2424cf0, type: 3}
      propertyPath: m_LocalRotation.z
      value: 0
      objectReference: {fileID: 0}
    - target: {fileID: 6828115079027796764, guid: 59f8c9624bb811b4ab0a4ba5d2424cf0, type: 3}
      propertyPath: m_AnchoredPosition.x
      value: 250
      objectReference: {fileID: 0}
    - target: {fileID: 6828115079027796764, guid: 59f8c9624bb811b4ab0a4ba5d2424cf0, type: 3}
      propertyPath: m_AnchoredPosition.y
      value: -50
      objectReference: {fileID: 0}
    - target: {fileID: 6828115079027796764, guid: 59f8c9624bb811b4ab0a4ba5d2424cf0, type: 3}
      propertyPath: m_LocalEulerAnglesHint.x
      value: 0
      objectReference: {fileID: 0}
    - target: {fileID: 6828115079027796764, guid: 59f8c9624bb811b4ab0a4ba5d2424cf0, type: 3}
      propertyPath: m_LocalEulerAnglesHint.y
      value: 0
      objectReference: {fileID: 0}
    - target: {fileID: 6828115079027796764, guid: 59f8c9624bb811b4ab0a4ba5d2424cf0, type: 3}
      propertyPath: m_LocalEulerAnglesHint.z
      value: 0
      objectReference: {fileID: 0}
    - target: {fileID: 6828115079027796765, guid: 59f8c9624bb811b4ab0a4ba5d2424cf0, type: 3}
      propertyPath: m_Name
      value: HealthBar
      objectReference: {fileID: 0}
    - target: {fileID: 6828115079027796767, guid: 59f8c9624bb811b4ab0a4ba5d2424cf0, type: 3}
      propertyPath: m_OnValueChanged.m_PersistentCalls.m_Calls.Array.size
      value: 0
      objectReference: {fileID: 0}
    - target: {fileID: 6828115079027796767, guid: 59f8c9624bb811b4ab0a4ba5d2424cf0, type: 3}
      propertyPath: m_OnValueChanged.m_PersistentCalls.m_Calls.Array.data[0].m_Target
      value: 
      objectReference: {fileID: 4493534434143699602}
    - target: {fileID: 6828115079027796767, guid: 59f8c9624bb811b4ab0a4ba5d2424cf0, type: 3}
      propertyPath: m_OnValueChanged.m_PersistentCalls.m_Calls.Array.data[0].m_MethodName
      value: 
      objectReference: {fileID: 0}
    m_RemovedComponents: []
  m_SourcePrefab: {fileID: 100100000, guid: 59f8c9624bb811b4ab0a4ba5d2424cf0, type: 3}
--- !u!224 &4871407716120094233 stripped
RectTransform:
  m_CorrespondingSourceObject: {fileID: 6828115079027796764, guid: 59f8c9624bb811b4ab0a4ba5d2424cf0, type: 3}
  m_PrefabInstance: {fileID: 2114688509336866053}
  m_PrefabAsset: {fileID: 0}
--- !u!1001 &8595597923776070211
PrefabInstance:
  m_ObjectHideFlags: 0
  serializedVersion: 2
  m_Modification:
    m_TransformParent: {fileID: 1803310069692571520}
    m_Modifications:
    - target: {fileID: 2810251929807832045, guid: cb3fa1471350d2a47ba530fd56e5acef, type: 3}
      propertyPath: m_AnchorMax.x
      value: 0
      objectReference: {fileID: 0}
    - target: {fileID: 2810251929807832045, guid: cb3fa1471350d2a47ba530fd56e5acef, type: 3}
      propertyPath: m_AnchorMax.y
      value: 0
      objectReference: {fileID: 0}
    - target: {fileID: 2810251930283631608, guid: cb3fa1471350d2a47ba530fd56e5acef, type: 3}
      propertyPath: m_OnValueChanged.m_PersistentCalls.m_Calls.Array.size
      value: 0
      objectReference: {fileID: 0}
    - target: {fileID: 2810251930283631610, guid: cb3fa1471350d2a47ba530fd56e5acef, type: 3}
      propertyPath: m_Name
      value: ManaBar
      objectReference: {fileID: 0}
    - target: {fileID: 2810251930283631611, guid: cb3fa1471350d2a47ba530fd56e5acef, type: 3}
      propertyPath: m_Pivot.x
      value: 0.5
      objectReference: {fileID: 0}
    - target: {fileID: 2810251930283631611, guid: cb3fa1471350d2a47ba530fd56e5acef, type: 3}
      propertyPath: m_Pivot.y
      value: 0.5
      objectReference: {fileID: 0}
    - target: {fileID: 2810251930283631611, guid: cb3fa1471350d2a47ba530fd56e5acef, type: 3}
      propertyPath: m_RootOrder
      value: 1
      objectReference: {fileID: 0}
    - target: {fileID: 2810251930283631611, guid: cb3fa1471350d2a47ba530fd56e5acef, type: 3}
      propertyPath: m_AnchorMax.x
      value: 0
      objectReference: {fileID: 0}
    - target: {fileID: 2810251930283631611, guid: cb3fa1471350d2a47ba530fd56e5acef, type: 3}
      propertyPath: m_AnchorMax.y
      value: 1
      objectReference: {fileID: 0}
    - target: {fileID: 2810251930283631611, guid: cb3fa1471350d2a47ba530fd56e5acef, type: 3}
      propertyPath: m_AnchorMin.x
      value: 0
      objectReference: {fileID: 0}
    - target: {fileID: 2810251930283631611, guid: cb3fa1471350d2a47ba530fd56e5acef, type: 3}
      propertyPath: m_AnchorMin.y
      value: 1
      objectReference: {fileID: 0}
    - target: {fileID: 2810251930283631611, guid: cb3fa1471350d2a47ba530fd56e5acef, type: 3}
      propertyPath: m_SizeDelta.x
      value: 400
      objectReference: {fileID: 0}
    - target: {fileID: 2810251930283631611, guid: cb3fa1471350d2a47ba530fd56e5acef, type: 3}
      propertyPath: m_SizeDelta.y
      value: 90
      objectReference: {fileID: 0}
    - target: {fileID: 2810251930283631611, guid: cb3fa1471350d2a47ba530fd56e5acef, type: 3}
      propertyPath: m_LocalPosition.x
      value: 0
      objectReference: {fileID: 0}
    - target: {fileID: 2810251930283631611, guid: cb3fa1471350d2a47ba530fd56e5acef, type: 3}
      propertyPath: m_LocalPosition.y
      value: 0
      objectReference: {fileID: 0}
    - target: {fileID: 2810251930283631611, guid: cb3fa1471350d2a47ba530fd56e5acef, type: 3}
      propertyPath: m_LocalPosition.z
      value: 0
      objectReference: {fileID: 0}
    - target: {fileID: 2810251930283631611, guid: cb3fa1471350d2a47ba530fd56e5acef, type: 3}
      propertyPath: m_LocalRotation.w
      value: 1
      objectReference: {fileID: 0}
    - target: {fileID: 2810251930283631611, guid: cb3fa1471350d2a47ba530fd56e5acef, type: 3}
      propertyPath: m_LocalRotation.x
      value: 0
      objectReference: {fileID: 0}
    - target: {fileID: 2810251930283631611, guid: cb3fa1471350d2a47ba530fd56e5acef, type: 3}
      propertyPath: m_LocalRotation.y
      value: 0
      objectReference: {fileID: 0}
    - target: {fileID: 2810251930283631611, guid: cb3fa1471350d2a47ba530fd56e5acef, type: 3}
      propertyPath: m_LocalRotation.z
      value: 0
      objectReference: {fileID: 0}
    - target: {fileID: 2810251930283631611, guid: cb3fa1471350d2a47ba530fd56e5acef, type: 3}
      propertyPath: m_AnchoredPosition.x
      value: 250
      objectReference: {fileID: 0}
    - target: {fileID: 2810251930283631611, guid: cb3fa1471350d2a47ba530fd56e5acef, type: 3}
      propertyPath: m_AnchoredPosition.y
      value: -120
      objectReference: {fileID: 0}
    - target: {fileID: 2810251930283631611, guid: cb3fa1471350d2a47ba530fd56e5acef, type: 3}
      propertyPath: m_LocalEulerAnglesHint.x
      value: 0
      objectReference: {fileID: 0}
    - target: {fileID: 2810251930283631611, guid: cb3fa1471350d2a47ba530fd56e5acef, type: 3}
      propertyPath: m_LocalEulerAnglesHint.y
      value: 0
      objectReference: {fileID: 0}
    - target: {fileID: 2810251930283631611, guid: cb3fa1471350d2a47ba530fd56e5acef, type: 3}
      propertyPath: m_LocalEulerAnglesHint.z
      value: 0
      objectReference: {fileID: 0}
    m_RemovedComponents: []
  m_SourcePrefab: {fileID: 100100000, guid: cb3fa1471350d2a47ba530fd56e5acef, type: 3}
--- !u!224 &5785357476126482872 stripped
RectTransform:
  m_CorrespondingSourceObject: {fileID: 2810251930283631611, guid: cb3fa1471350d2a47ba530fd56e5acef, type: 3}
  m_PrefabInstance: {fileID: 8595597923776070211}
  m_PrefabAsset: {fileID: 0}
